3002 4790
258 417 448 495 CHARTA
477 411 610 494 Pacis
638 413 1034 526 VALENCE'NENSIS.
1121 417 1192 490 303

95 635 162 682 uon
180 627 282 698 potest
297 618 458 692 convinci,
481 619 514 681 si.
530 619 657 700 querela
679 618 715 682 lit
733 618 777 680 'de
799 639 854 694 eo,
878 619 967 680 miles
992 619 1090 680 dictus
1114 639 1194 698 pur·
1280 611 1285 617 ’

94 704 222 783 gabitur
242 721 300 782 pter
321 703 465 765 solemne
483 701 704 778 iuramentum,
727 723 790 782 qun
816 709 940 764 tenetur
961 703 1090 764 domino
1114 722 1195 782 pru-⁴

91 789 166 866 prio
196 787 285 866 ligio,
316 787 346 846 iu
372 786 529 866 presentia
554 788 753 848 dominorum
777 786 877 866 pacis,
907 796 960 848 aut
983 787 1194 868 manuseptia

92 881 168 932 ma¹
187 870 380 951 purgabitur,
404 879 456 930 aut
471 870 573 934 solvet
592 871 743 933 indilate²
759 871 845 950 quod
867 871 981 932 dietum
1006 878 1063 934 est.

178 953 255 1016 Item
285 954 466 1034 quicunque
495 953 583 1016 miles
613 963 667 1018 aut
696 954 791 1026 alius,
825 963 879 1016 aut
906 955 956 1016 via
982 955 1042 1014 fori
1073 953 1194 1014 Valen-

92 1037 235 1100 cenansis
266 1046 319 1100 aut
346 1037 436 1113 alibi,
467 1040 689 1100 mercimonias
717 1045 850 1100 autres
878 1038 956 1100 alias
984 1037 1118 1099 mobiles
1141 1045 1195 1099 aut

93 1121 174 1184 alias
192 1121 356 1183 bominum
373 1123 458 1203 pacis
475 1121 547 1184 v-ille
562 1123 808 1185 Valencenensis
825 1123 998 1193 abstulerit,
1021 1121 1046 1183 si
1062 1121 1094 1182 in
1109 1122 1193 1183 sacto

93 1205 273 1286 reperiatur
295 1196 348 1268 aut
372 1223 427 1285 per
447 1206 527 1268 duos
548 1215 642 1270 testes
666 1207 747 1268 dicte
771 1207 868 1286 pacis
879 1207 1096 1286 convincatur,
1125 1205 1193 1286 ipsa

93 1307 169 1350 rcus
189 1291 368 1350 emendabit
395 1291 507 1351 eodem
533 1293 628 1352 ιιιιιιιο
652 1311 717 1373 quo
740 1289 882 1369 superios
904 1275 1103 1386 explanatum
1132 1296 1195 1366 est;

26 1409 41 1432 .
96 1379 127 1434 et
153 1373 179 1435 si
203 1385 274 1436 rcus
297 1381 390 1454 neget
413 1383 454 1434 et
465 1393 530 1435 non
557 1375 658 1456 possit
687 1383 742 1453 per
772 1382 867 1436 testes
899 1374 980 1435 dicte
1004 1373 1087 1453 pacis
1110 1391 1194 1434 con-

9 1475 10 1524 j
93 1458 187 1530 vinci,
209 1457 233 1518 si
258 1457 473 1518 damnificatus
497 1459 638 1538 appellet
658 1477 748 1518 reum
772 1459 811 1518 de
827 1457 944 1529 duello
967 1467 1039 1518 tunc
1054 1477 1125 1519 reus
1141 1465 1195 1518 aut
1281 1524 1284 1530 ,

91 1501 209 1612 reddit,
224 1539 384 1622 quidquid
401 1542 619 1605 damnificatus
638 1543 724 1623 petit,
747 1541 926 1604 iuramento
942 1541 1027 1621 prius
1050 1541 1195 1620 prestito,

9 1675 10 1678 ,
92 1632 149 1688 aut
172 1625 279 1686 duello
302 1645 336 1684 se
354 1625 532 1704 deffendat.
574 1627 660 1688 Etsi
684 1634 828 1688 neutrum
852 1627 927 1687 velit
948 1627 1194 1698 faeereincar-

94 1707 253 1771 carabitur
277 1728 332 1787 per
355 1706 491 1770 maiores
515 1709 638 1772 comitis
652 1729 717 1789 ,per
740 1709 917 1790 quindecim
941 1709 1019 1783 dies,
1040 1709 1068 1770 si
1090 1709 1131 1771 sit
1153 1711 1210 1792 (¹³,

92 1793 196 1874 patria
222 1791 432 1868 Hanoniensi;
455 1793 580 1854 sivero
603 1801 771 1854 extraneus
794 1793 944 1864 estiterit,
967 1811 1024 1873 per
1050 1793 1194 1874 quadra-

93 1879 180 1958 ginta
203 1877 269 1938 dies
292 1877 461 1941 tenebitur
503 1876 622 1938 Diebus
644 1877 846 1955 postmodum
869 1896 965 1956 supra
988 1877 1078 1938 dictis
1101 1877 1194 1957 expi-

9 2013 11 2016 .
93 1964 185 2037 ratis,
213 1961 270 2022 nisi
294 1959 435 2042 plenarie
456 1962 640 2035 restituerit,
663 1959 812 2044 quicquid
839 1962 920 2022 iuste
946 1963 1132 2041 exigebatur
1153 1963 1192 2022 ab

10 2087 12 2090 -
94 2064 150 2120 eo,
188 2055 219 2107 et
247 2046 286 2104 de
322 2044 443 2124 legibus
479 2044 685 2118 satisfecerit,
722 2045 936 2126 amputabitur
972 2046 1030 2107 sibi
1068 2045 1193 2126 publice

41 2179 45 2182 .
94 2148 230 2274 pugnpp)
255 2165 332 2274 ortu⁴
354 2210 430 2274 solis
459 2211 536 2273 feria
568 2213 677 2295 quinta
707 2233 808 2292 usque
830 2213 868 2286 ad
893 2219 993 2276 ⁰lll¹¹¹¹
1017 2213 1093 2274 ⁸⁰¹¹⁵
1114 2211 1195 2273 sene
1237 2217 1238 2222 ἵ
1281 2279 1282 2282 =
1339 2247 1343 2254 '

9 2293 11 2340 ἕ
95 2297 236 2358 secunde
256 2297 426 2376 sequentis,
449 2295 476 2356 si
502 2295 615 2374 aliquis
638 2298 682 2357 de·
698 2295 862 2358 advocatia
886 2297 1004 2357 venerit
1027 2298 1067 2358 ad
1090 2297 1193 2358 lorum

9 2419 10 2428 ι
92 2380 333 2456 ;Υιιεηιιηθῃεο
361 2389 416 2442 aut
443 2381 609 2442 recesserit
630 2383 670 2442 ab
695 2381 825 2449 eodem,
853 2379 999 2441 dominus
1023 2380 1089 2442 eius
1113 2399 1194 2460 pro-

9 2481 12 2488 ’
96 2465 183 2544 prius
207 2483 270 2525 non
293 2465 409 2544 poterit
432 2464 534 2541 ipsum
558 2481 681 2544 capere,
703 2462 762 2525 nisi
785 2463 817 2524 in
841 2469 915 2526 casu
930 2467 960 2525 in
978 2485 1041 2546 quo
1058 2464 1194 2528 voluerit

96 2547 200 2630 ipsum
224 2549 263 2610 ad
288 2548 412 2609 comitis
433 2547 585 2608 iusticiam
607 2547 810 2629 protrahere;
842 2556 872 2609 et
895 2557 977 2619 tuuc,
999 2547 1026 2610 si
1050 2547 1193 2624 voluerit,

10 2639 11 2646 ’
95 2633 271 2714 proclamet
292 2652 327 2692 se
349 2632 388 2693 de
411 2630 539 2692 bomine
555 2650 623 2705 suo,
646 2640 676 2694 et
695 2631 752 2694 fiat
771 2632 812 2692 ibi
836 2632 957 2694 iusticie
973 2633 1194 2712 complemen-

9 2719 11 2758 3
97 2725 170 2776 tum.
221 2715 253 2775 Si
283 2735 358 2775 vero
388 2714 606 2779 advocatiatus
636 2725 689 2777 aut
719 2717 787 2776 eius
810 2715 957 2777 dominus
980 2717 1061 2776 male
1083 2721 1196 2776 tractet

9 2859 11 2870 ,
98 2818 169 2860 eum
193 2798 329 2870 aliunde,
352 2799 420 2876 ipse
443 2799 604 2859 notabitur
625 2798 665 2858 de
691 2797 823 2860 infracta
847 2817 925 2878 paee
939 2805 979 2861 ,et
1002 2806 1132 2879 cogetur
1153 2798 1193 2859 ad

9 2887 10 2926 3
98 2880 287 2946 solutionem
310 2882 470 2961 sexaginta
493 2880 668 2945 solidorum
691 2901 750 2962 pro
767 2883 902 2944 servicio
919 2883 1041 2944 comitis
1058 2892 1089 2945 et
1104 2882 1195 2944 eius-

10 2987 17 3026 ’.
99 2967 170 3028 dem
194 2963 382 3027 cancellarii.
425 2964 533 3024 Nullus
556 2972 696 3046 apponat
719 2985 844 3027 manum
868 2967 908 3026 ad
924 2967 1060 3047 aliquem
1078 2968 1117 3027 de
1134 2967 1195 3026 ad-

9 3059 11 3116 L
96 3049 222 3112 vocatia
244 3055 298 3108 aut
319 3048 360 3108 ad
383 3047 450 3109 eius
473 3047 619 3125 mobilia3
642 3049 875 3146 etquicunque
891 3049 1079 3110 contrarium
1104 3052 1194 3111 lece-

9 3143 11 3208 }
90 3133 145 3210 ιιι,
168 3132 377 3212 inculpabrtur
394 3131 433 3192 de
449 3130 602 3192 fractione
618 3151 703 3212 paors
721 3140 751 3195 et
766 3131 873 3194 solvet
891 3131 1051 3214 sexaginta
1075 3133 1193 3195 solidos
1234 3211 1237 3218 Ι

9 3237 10 3240 ’
100 3217 206 3280 comiti
230 3225 261 3278 et
282 3215 422 3278 eiusdem
447 3215 649 3277 cancellario.

181 3299 214 3360 Si
236 3300 349 3398 aliquis
372 3299 502 3360 clericus
525 3308 580 3360 aut
605 3299 741 3381 armiger
761 3300 849 3362 istius
872 3300 973 3380 patrie
995 3301 1110 3380 spoliet
1132 3301 1196 3362 ali-

9 3379 11 3450 ἱ
101 3404 192 3464 quem
217 3386 319 3446 virum
341 3384 427 3462 pacis
443 3383 699 3459 Valeocenensis,
723 3391 776 3480 aut
797 3384 952 3446 violenter
973 3404 1031 3464 per
1052 3383 1194 3463 rapinam

9 3479 11 3554 ι
100 3467 223 3530 auferat
245 3469 351 3550 aliqua
375 3468 505 3529 mobilia
528 3471 567 3530 ab
591 3433 714 3542 eodeni,
738 3467 764 3532 si
783 3469 1072 3555 deprehendatur
1064 3489 1094 3530 ιιι
1115 3488 1196 3548 pro-
1277 3528 1280 3537 ,

9 3561 11 3584 *
100 3571 169 3632 prro
187 3551 344 3621 faemore
368 3552 436 3631 ipso
458 3552 542 3614 lacto
560 3553 770 3633 suspendetur
793 3572 862 3614 cum
885 3551 1008 3646 iugulo;
1034 3559 1062 3615 et
1083 3549 1109 3614 si
1131 3572 1194 3615 non

9 3645 16 3698 i'
101 3634 359 3716 deprehendatur
383 3643 412 3696 et
436 3644 546 3732 gregat,
575 3637 601 3698 si
630 3636 884 3734 dampnificatcs
901 3634 1006 3717 potest
1033 3656 1089 3716 per
1116 3638 1195 3698 duos

100 3719 247 3782 homiues
271 3719 351 3781 dicte
373 3719 459 3799 pacis
481 3722 619 3805 probare
638 3720 790 3784 intentum
813 3728 865 3784 aut
887 3741 942 3804 per
962 3721 1194 3819 appelationem

9 3811 11 3868 2
103 3804 213 3874 duelli,
247 3805 347 3868 dictus
381 3823 454 3865 reus
485 3806 695 3883 suspendetur
728 3814 758 3867 et
792 3805 1010 3870 damnificatus
1042 3804 1195 3867 indemnis

101 3889 294 3965 restituetur3
322 3897 350 3948 et
378 3888 404 3949 si
427 3887 645 3950 damnificatus
675 3909 737 3950 oon
767 3897 872 3970 potest
893 3893 1030 3970 probare
1052 3909 1109 3970 per
1130 3888 1196 3948 bo-

9 3995 10 4000 *
102 3973 200 4034 mines
224 3972 304 4034 dicte
328 3973 421 4069 pacis
439 3992 496 4035 nec
519 3973 612 4034 etiam
635 3973 730 4033 audet
752 3973 881 4054 aggredi
913 3970 1064 4048 duellum,
1094 3971 1194 4032 dictus

9 4055 11 4078 ²
100 4051 233 4118 clericus
261 4062 314 4118 aut
343 4056 481 4138 amalger
502 4064 608 4136 potest
628 4075 663 4118 se
686 4075 820 4136 purgare
842 4057 881 4117 ad
905 4077 1000 4118 uuum
1024 4058 1195 4118 clamorem

9 4223 11 4234 .
106 4159 172 4201 cum
196 4141 275 4201 trina
298 4159 392 4202 manu
415 4140 598 4202 olemnrter
620 4140 660 4201 ad
685 4143 798 4202 iurata.
873 4216 876 4222 Ι

9 4235 12 4378 ἶ
107 4277 131 4350 ι)
149 4278 166 4332 i.
187 4293 211 4333 a.
231 4292 397 4351 perceptam
419 4289 508 4336 testes.
582 4280 612 4353 2)
630 4280 648 4334 i.
669 4297 693 4335 e.
714 4280 772 4336 sine
792 4280 959 4336 dilatatione,
