3066 4788
370 397 982 474 onnonmonmnomnnsn.
1117 373 1118 376 ‘
1179 401 1225 472 ra

98 567 102 576 ‚
127 604 199 674 hus
217 599 308 673 viris
329 599 546 698 singulatim
565 600 719 698 relictis⁷
747 599 942 698 religionis
960 599 1128 675 habitum
1147 609 1227 672 tan·

128 703 216 776 dem
235 702 408 799 sumpsit.
908 763 911 768 .

205 801 274 875 llic
299 801 652 900 pretermittendum
678 826 754 874 non
781 811 852 899 est,
879 811 920 874 ut
946 801 1087 875 sciatur
1109 810 1251 878 tama,
1337 833 1341 842 ·

130 902 321 976 modernis
341 925 453 1000 quam
474 903 651 1000 posteris⁷
674 905 863 1000 quomodo
882 905 927 975 ab
948 901 1100 1000 antiquo
1119 926 1230 1000 sepe·

128 1001 258 1076 dictus
270 1025 401 1077 comes
415 1003 620 1076 Balduinus
638 1012 675 1074 et
687 1002 804 1076 Alidis
823 1001 1016 1076 comitissa
1036 1027 1129 1074 uxor
1146 1002 1228 1076 eius

129 1112 169 1175 ot
196 1126 325 1176 eorum
353 1104 516 1176 heredes
544 1103 581 1174 in
609 1102 716 1176 bonis
736 1103 888 1176 Henrici
907 1102 1052 1175 comitis
1071 1103 1229 1175 Namur-

129 1203 256 1276 censis
276 1213 314 1276 et
330 1203 609 1278 Lusceleborch
627 1203 685 1276 ius
706 1204 846 1277 hahere
873 1202 944 1276 visi
973 1214 1069 1276 sunt.
1121 1203 1229 1291 Quod

129 1327 216 1375 cum
235 1305 450 1401 sepedictus
469 1303 654 1378 Henricus
674 1327 802 1378 comes
818 1303 1088 1377 Namurcensis
1107 1313 1144 1376 et
1157 1303 1228 1376 Lu·

128 1404 350 1478 sceleborch
376 1405 585 1503 predictam
612 1404 815 1478 Lauretum
839 1407 876 1478 in
905 1417 1068 1477 taxonem·
1089 1406 1228 1477 ducere

126 1503 326 1600 voluisset,
356 1505 635 1579 matrimonium
662 1506 734 1580 nisi
760 1509 808 1580 de
837 1529 1027 1578 consensu
1048 1515 1085 1578 et
1102 1505 1229 1576 lauda-

126 1617 258 1678 mento
284 1605 456 1678 Balduini
485 1606 630 1682 comitis
651 1605 904 1680 Hanoniensis
925 1617 962 1678 et
980 1606 1094 1678 Alidis
1114 1605 1228 1677 comi·

125 1705 222 1778 tisse
251 1716 444 1779 eteorum
471 1705 535 1778 filii
553 1706 724 1780 Balduini
751 1707 975 1779 contrahere
1002 1731 1076 1778 non
1095 1705 1226 1802 potuit.

14 1885 19 1890 ,
128 1803 236 1893 Quod
256 1807 409 1904 quidem
427 1807 712 1883 laudamentum
736 1809 833 1905 apud
852 1805 1058 1903 Hepimas1
1084 1806 1317 1877 factumne.

125 1906 209 2002 fuit,
237 1911 306 1980 sub
333 1909 536 1981 multorum
563 1906 781 1981 testimonio
805 1906 983 1980 nobilium
1004 1915 1041 1979 et
1059 1895 1296 1978 minime-¹⁰¹²·

126 2007 296 2103 rialium,
330 2008 391 2080 ubi
425 2033 518 2107 sepe
551 2006 754 2082 nominatis
787 2006 969 2081 Baldniuo
1003 2017 1040 2080 et
1065 2006 1160 2080 Alidi
1190 2017 1228 2080 et

127 2131 261 2178 eorum
287 2107 362 2180 lilio
389 2107 569 2182 Balduino
596 2113 641 2182 ab
666 2109 882 2182 hominibus
903 2108 1050 2180 comitis
1069 2108 1229 2180 Namur-·

126 2207 257 2280 oensis
283 2217 319 2277 et
344 2208 622 2280 Lusceleborch
648 2231 763 2304 super
790 2207 935 2298 allodiis
961 2218 999 2278 et
1023 2207 1143 2280 feodis
1170 2232 1229 2280 se·

128 2305 310 2378 caritates
330 2315 441 2378 antea
461 2307 559 2378 facte
583 2306 736 2378 fuerunt
762 2306 1022 2404 sollempniter
1046 2317 1228 2380 renovate

127 2405 355 2503 scriptisque
375 2406 572 2479 autenticis
593 2410 857 2480 commendate
867 2406 891 2480 ².

206 2506 459 2598 Theodericus
492 2511 538 2581 de
565 2507 672 2580 Alost
707 2507 816 2581 miles
850 2507 996 2580 iuvenis
1029 2507 1137 2582 citius
1167 2509 1229 2582 de·

129 2606 267 2704 cessit,
295 2607 451 2705 eiusque
482 2632 576 2680 uxor
601 2609 782 2705 Laureta‚
815 2609 986 2683 Balduini
1015 2610 1162 2683 comitis
1192 2621 1230 2682 et

126 2707 244 2781 Alidis
265 2709 456 2781 comitisse
471 2709 558 2805 lilia7
579 2733 647 2805 per
661 2709 803 2808 aliquot
816 2735 934 2784 annos
949 2711 1060 2784 vidua
1076 2711 1229 2807 mansit,

127 2819 228 2880 terra
261 2819 389 2882 autem
417 2835 529 2907 quam
558 2810 812 2886 Theodericus
845 2822 1036 2910 tenuerat,
1070 2823 1149 2884 tam
1181 2812 1228 2884 de

3 2927 5 2938 ·
127 2907 257 2982 Alost³
274 2935 387 3007 quam
407 2913 452 2984 de
471 2909 637 3007 Waisa⁴‚
661 2915 706 2985 ad
726 2911 938 3009 Philippum
955 2913 1228 2992 Flandrensem

3 3021 5 3028 ’
130 3019 169 3082 et
178 3009 418 3083 Viromandis
435 3011 612 3083 comitem
627 3012 933 3109 potentissimum
950 3013 1112 3084 devenit.
1140 3013 1229 3084 Post

3 3081 8 3170 l
129 3112 331 3184 decessum
351 3133 440 3182 vero
458 3109 630 3182 Balduini
659 3111 806 3181 comitis
836 3121 874 3181 et
889 3110 1006 3182 Alidis
1034 3111 1228 3184 comitisse

128 3211 256 3284 uxoris
289 3235 357 3285 sue
389 3209 592 3283 Balduinus
624 3207 723 3280 filius
757 3232 909 3304 eorum,
946 3231 1074 3294 comes
1102 3209 1228 3280 Hann-

128 3311 272 3385 niensis
292 3335 428 3406 novus,
445 3311 648 3382 Lauretum
667 3309 816 3382 viduam
836 3333 1006 3382 sororem
1028 3333 1135 3382 suam
1155 3321 1228 3382 tra-

44 3498 48 3503 ,
128 3412 219 3485 didit
237 3435 395 3484 uxorem
414 3411 493 3484 viro
513 3409 745 3484 nobilissimo
765 3411 803 3483 in
821 3411 976 3484 Francia
992 3410 1161 3484 Bucardo
1181 3413 1226 3484 de

3 3587 14 3616 '-
126 3511 537 3609 hlonteltlorenoiaco⁵7
552 3511 613 3610 qui
630 3515 676 3585 de
691 3535 735 3584 ea
750 3510 867 3584 filium
882 3513 1227 3607 habuitlllatheum,

3 3655 5 3678 .
105 3637 243 3711 ,quem
264 3613 470 3685 avunculus
492 3637 583 3691 suus
602 3613 806 3687 Balduinus
827 3635 957 3686 comes
972 3613 1226 3688 Hanoniensis

127 3713 287 3786 militem
306 3712 479 3785 ordinare
498 3712 702 3810 festinavit,
728 3724 766 3786 ut
782 3724 883 3788 terre
903 3715 1107 3787 dominium
1128 3715 1227 3786 vale·

127 3825 187 3888 ret
206 3813 386 3887 obtinere.

129 4023 156 4095 1)
175 4022 354 4094 Heppignies.
447 4022 475 4092 2)
502 4020 561 4076 llac
580 4025 614 4077 ds
632 4041 662 4078 re
682 3990 800 4093 diploma
820 4030 906 4079 actum
925 4027 953 4078 in
968 4026 1099 4092 potestate
1118 4023 1151 4076 do
1168 4021 1226 4098 lle-

125 4101 217 4168 pmtt's,
229 4113 263 4151 o.
283 4098 310 4152 d.
328 4101 350 4152 t..
368 4095 448 4166 1163,
467 4111 556 4151 menso
574 4097 648 4151 lunio
667 4097 754 4151 edidit
771 4096 960 4166 Rementem,
980 4094 1140 4150 Monument
1158 4111 1227 4164 pour

128 4165 233 4223 Namur
249 4177 299 4223 etc.
316 4165 337 4232 l,
356 4167 420 4233 127;
441 4169 477 4222 ct.
493 4166 622 4222 Pinchart
637 4169 655 4222 l.
670 4187 692 4222 c.
708 4187 732 4240 p.
748 4169 791 4223 16.
808 4170 852 4224 17.
908 4169 934 4238 3)
955 4169 1040 4223 Alost.
1069 4215 1072 4221 .
1097 4166 1125 4240 4]
1144 4167 1226 4223 hodie

3 4227 5 4266 ³
129 4260 197 4314 pays
218 4243 251 4296 de
273 4239 362 4296 Waes.
439 4241 465 4311 5)
485 4259 511 4298 v.
530 4239 712 4296 Gislebertum
732 4241 820 4313 ipsum
841 4245 875 4296 ad
896 4258 919 4294 a.
942 4241 1021 4296 1173.
