3118 4786
398 396 675 488 CHRONltou
704 407 1024 484 uxuonmnsn,
1168 411 1298 483 ”tas
1441 415 1461 426 ·.
1520 411 1549 428 ..

161 613 252 686 illuc
270 613 316 684 ad
336 610 515 688 comitem
533 607 816 684 Bononiensem
840 607 941 684 etad
961 597 1133 686 sororem
1152 591 1356 683 suammet

160 712 445 827 Margharetam
461 710 696 787 comitissam
724 719 762 784 et
778 708 878 783 filios
897 709 990 782 sotis
1008 719 1110 783 tunc
1107 720 1263 808 tempo

161 813 214 886 ris
232 836 370 912 parvos
389 810 569 908 accessit
596 809 777 892 auxilium
796 819 835 882 et
852 809 1086 883 consilium
1076 833 1115 882 ιιι
1141 809 1200 882 his
1225 819 1265 883 et

161 913 199 985 in
220 913 302 986 aliis
315 910 523 990 maximum
542 910 597 986 eis
616 910 853 1009 §remittenu
880 920 917 984 et
934 909 972 982 in
992 909 1156 983 crastino
1176 933 1261 983 cum
1273 924 1331 980 tan

162 1013 300 1087 comite
317 1011 549 1086 Hancniensi
569 1010 651 1084 ad
641 1034 764 1110 ipsam
782 1011 911 1084 viliam
929 1009 1183 1085 Lembecham
1201 998 1309 1082 ‹rc-¹⁴

161 1113 295 1210 cessit
322 1113 383 1185 ubi
409 1111 584 1225 dominus
612 1134 741 1185 comes
766 1121 889 1183 totum
915 1111 1122 1186 exercitum
1150 1133 1262 1183 suum

161 1215 404 1311 adunaverat,
419 1212 482 1310 qui
497 1234 630 1286 omues
644 1211 834 1310 predictos
850 1213 993 1284 amicos
1009 1234 1099 1284 suos
1115 1221 1152 1284 et
1165 1210 1261 1283 alios

109 1367 111 1370 -
159 1315 301 1402 multos
320 1323 358 1388 et
376 1314 446 1388 de
436 1312 594 1412 imperio
611 1322 648 1385 et
663 1313 708 1388 de
723 1336 841 1424 regno
856 1311 1014 1386 Francis
1032 1322 1069 1385 et
1087 1310 1262 1386 homines

161 1437 252 1488 suos
270 1400 567 1489 Hanonienses
557 1436 634 1488 mm
657 1411 871 1486 nominatos
898 1412 1071 1486 habebat.
1125 1409 1262 1485 Videns

160 1526 288 1588 autem
312 1537 443 1588 comes
467 1512 643 1588 Flandrie
669 1513 805 1586 nimias
833 1511 982 1585 comitis
1008 1510 1261 1586 Hanoniensis

159 1623 292 1687 contra
318 1614 453 1686 ducem
479 1613 756 1688 Lovaniensem
779 1613 892 1708 vires,
920 1622 1077 1710 treugas
1105 1612 1188 1684 ab
1177 1635 1260 1726 ipso

159 1713 299 1788 comite
309 1712 541 1786 Hauoniensi
556 1712 730 1810 precibus
741 1712 1001 1809 multiplicatis
1014 1723 1051 1785 et
1065 1710 1261 1784 blandiciis

160 1813 335 1888 admixtis
355 1812 551 1910 requisivit
568 1835 687 1909 usque
706 1814 752 1884 ad
771 1812 933 1886 reditum
948 1811 1053 1884 ducis
1069 1811 1262 1884 Godefridi

160 1913 468 2011 alhorosolimis‚
488 1912 551 2011 qui
570 1923 660 1986 tunc
678 1937 790 1987 cruce
808 1910 959 1986 Domini
978 1910 1150 2009 signatus
1170 1921 1261 1986 erat.

160 2015 304 2102 Quibus
322 2014 468 2128 treugis
487 2013 620 2087 dandis
634 2037 764 2088 comes
779 2011 1043 2110 HanoniensiS,
1063 2011 1101 2084 in
1120 2011 1260 2085 viribus

161 2114 240 2186 suis
260 2125 298 2188 et
323 2115 361 2187 in
386 2115 468 2187 iure
487 2137 556 2187 suo
576 2114 782 2209 confidens,
812 2115 1015 2186 admodum
1034 2112 1155 2187 extitit
1174 2135 1262 2185 con·

159 2213 309 2286 trarius
363 2213 501 2287 Comes
527 2224 654 2286 nutem
671 2213 846 2286 Flandrie
863 2213 1056 2326 Philippus
1079 2211 1277 2326 potentis-

158 2314 290 2428 simus,
309 2311 549 2387 dilectionem
569 2311 674 2384 ducis
691 2312 938 2386 chaniensis
963 2323 1001 2388 et
1019 2311 1170 2385 Henrici
1192 2311 1260 2384 filii

158 2414 216 2488 sui
231 2437 458 2512 preponens
479 2412 529 2486 et
543 2411 710 2486 debiturn
725 2411 874 2486 comitis
888 2411 1140 2486 Hanoniensis
1160 2422 1260 2511 post·
1271 2424 1300 2477 s
1315 2422 1362 2481 ⁴2

157 2538 303 2613 ponens
322 2513 519 2611 auxilium,
548 2511 640 2585 dixit
666 2523 704 2586 et
731 2512 894 2586 asseruit
920 2513 1133 2626 manifeste,
1160 2515 1260 2610 quod

157 2615 377 2688 firmitatem
404 2613 454 2686 ibi
481 2567 698 2687 nirllatenus
723 2613 806 2688 fieri
833 2613 1070 2711 permitteret
1093 2614 1180 2686 etsi
1199 2638 1259 2688 co-

157 2739 240 2789 mes
263 2714 515 2787 Hanoniensis
543 2738 659 2812 super
682 2714 756 2786 hoc
782 2714 958 2812 precibus
984 2714 1067 2788 eius
1094 2739 1169 2786 non
1199 2737 1259 2788 ac·

158 2814 383 2912 quiesceret
396 2813 478 2926 ipse
492 2814 627 2887 ducem
637 2811 937 2927 lovaniensem
927 2824 1083 2888 iuvaret.
1120 2813 1258 2888 Comes

160 2924 288 2988 autem
306 2912 558 2987 Henoniensis
585 2924 626 2985 ut
653 2912 901 2988 servitiorum
927 2914 1057 2988 comiti
1084 2913 1259 2988 Flandrie

156 3013 409 3090 exhibitorum
427 3024 555 3111 grates
574 3037 649 3085 non
669 3014 871 3110 amitteret
895 3016 961 3087 sed
981 3039 1138 3113 sperans
1158 3017 1256 3113 quod

158 3116 281 3188 adhuc
306 3112 467 3211 gratiam
494 3112 595 3183 illius
618 3112 818 3208 aliquando
842 3069 1053 3186 rirereretur
1075 3115 1256 3209 obtinere

157 3216 204 3288 de
223 3214 418 3286 hominurn
438 3221 477 3286 et
494 3211 701 3284 amicorum
721 3236 876 3286 suorum
896 3210 1174 3307 consili071icet
1194 3214 1257 3286 do·

157 3317 240 3388 lens
250 3325 447 3411 treugas
474 3312 663 3386 concessit
694 3337 813 3410 usque
844 3322 931 3410 post
962 3311 1124 3386 reditum
1151 3313 1278 3408 ducis

158 3415 350 3488 Godefridi
386 3411 678 3487 alerosolimis.
740 3413 771 3485 Ο
802 3413 905 3486 mala
939 3412 1154 3488 Lembecha
1189 3437 1257 3512 per

157 3539 291 3614 quern
318 3513 431 3586 motis
457 3539 523 3627 per
550 3513 751 3627 imperium
771 3523 808 3587 et
830 3539 899 3612 per
917 3536 1077 3611 regnum
1096 3511 1258 3586 Franco·

156 3640 241 3690 rum
267 3613 393 3687 nimiis
420 3613 642 3712 inimiciciis,
670 3615 755 3688 inde
782 3615 984 3688 comitatus
1002 3612 1255 3688 Hanoniensis

156 3717 272 3816 longe
289 3715 441 3812 lateque
460 3714 810 3812 supervenientibus
825 3725 965 3790 exercit
939 3712 1073 3787 tibus
1064 3739 1102 3788 ιιι
1120 3715 1254 3788 maiori

155 3827 262 3915 parte
280 3815 369 3914 igne
387 3824 651 3888 concrematus
671 3815 748 3888 est!
784 3814 815 3889 Ο
834 3817 934 3888 maia
952 3814 1168 3889 Lembecha
1187 3839 1255 3912 per

156 3942 269 4015 quam
288 3917 392 3990 ducis
409 3915 655 3990 Lovoniensis
673 3925 775 3990 terra
803 3916 929 4014 sepius
951 3913 1077 4014 predis
1103 3925 1141 3987 et
1167 3913 1255 4012 igne

154 4028 301 4091 vastata
320 4016 396 4091 est!
449 4014 601 4090 Omala
618 4016 832 4090 Lembecha
849 4041 917 4114 per
936 4039 1049 4113 quam
1069 4013 1254 4087 Henricus

156 4116 563 4192 comesNamurcensis
574 4129 738 4190 castrum
754 4142 863 4190 suurn
875 4117 1106 4189 Namurcum
1122 4114 1255 4190 eteius

30 4255 46 4278 ο
157 4217 364 4308 dominium
384 4216 526 4314 amisit,
555 4227 592 4292 et
610 4217 794 4291 Henricus
818 4241 947 4290 comes
968 4216 1254 4314 Cumpanensis³
