3002 4790
330 413 606 496 CHRONlCON
632 419 944 494 HANONlENSE.
1112 421 1185 493 249

61 634 188 721 runt,
215 647 301 695 cum
329 646 441 696 nemo
471 623 525 696 eis
544 623 766 718 resistebatq
786 620 1036 719 quequidem
1061 620 1277 693 omniatteo.

71 729 243 798 demum
261 725 345 822 ipse
360 746 490 796 comes
505 728 550 797 de
564 723 746 817 Hostada‚
764 724 976 819 lautapace
993 745 1078 794 cum
1094 724 1187 796 duce

74 829 130 900 de
151 826 367 900 Lemborch
396 836 432 898 et
457 829 551 898 duce
570 824 808 920 Lovaniensi,
834 825 1083 923 recuperavit,
1112 847 1189 897 me·

70 927 217 1000 ¹eliante
237 927 387 1024 quidem
411 927 581 1025 pecunia.

161 1030 221 1101 Ero
239 1029 404 1101 clamore
424 1039 551 1100 autem
579 1037 840 1126 super-morte
862 1026 1001 1100 Alberti
1021 1025 1188 1124 episcopi
1266 1057 1269 1063 ·

78 1131 130 1202 ad
153 1131 336 1202 domnum
355 1147 494 1228 papam
514 1129 744 1205 Celestinnm
765 1129 908 1222 delatoa
928 1127 1102 1200 dominus
1121 1128 1190 1201 Lo·

10 1255 11 1260 ¹
78 1229 236 1305 tharius
263 1230 611 1304 excommunicatus
640 1231 727 1327 fuit,
752 1240 789 1302 et
818 1229 899 1302 eius
927 1232 1022 1302 bona
1051 1229 1190 1325 omnia,

83 1331 238 1406 scilicet
264 1331 503 1431 prepositura
529 1332 743 1406 bonnensis
779 1342 816 1404 et
844 1331 915 1403 alie
948 1330 1064 1402 multe
1096 1353 1189 1430 quas

81 1433 254 1506 habebat
273 1433 354 1509 aliis
371 1433 543 1531 personis
560 1434 694 1506 collata
710 1443 808 1506 sunt.
843 1431 1042 1505 Lotha1·ius
1060 1431 1190 1507 autem

84 1535 535 1609 excommunicationem·
557 1535 700 1608 diucius
738 1535 926 1607 sustinere
958 1534 1111 1629 nolens,
1143 1535 1190 1605 ad

89 1634 237 1706 curiam
256 1635 466 1708 Romanam
485 1636 669 1732 transivit,
691 1647 730 1708 ut
748 1637 1008 1708 absolveretur
1027 1647 1065 1706 et
1078 1645 1119 1706 ut
1132 1634 1192 1708 vel

89 1734 355 1833 episcopatum
386 1735 636 1810 Leodiensem
670 1737 730 1808 vel
762 1737 833 1808 alia
866 1741 963 1808 bona
990 1736 1191 1809 retineret.

90 1835 215 1925 Quem
236 1837 409 1910 dominus
429 1861 528 1935 papa
548 1838 745 1910 absolvere
766 1837 894 1930 noluit,
915 1858 1110 1935 quousque
1130 1836 1192 1908 ille

91 1937 249 2031 iuravit,
284 1941 381 2035 quod
410 1939 559 2012 arbitrio
588 1937 727 2034 domini
754 1962 851 2036 pape
878 1959 1034 2035 prorsus
1063 1946 1192 2010 staret.

92 2039 296 2114 Arbitrium
317 2050 444 2114 autem
465 2041 603 2112 domini
623 2064 720 2138 pape
743 2041 823 2136 tuit,
845 2042 942 2137 qnod
966 2039 1028 2112 ille
1049 2039 1193 2136 episco-

92 2141 198 2238 patui
221 2139 419 2213 Leodiensi
440 2152 476 2213 et
494 2141 668 2214 omnibus
689 2140 796 2214 bonis
818 2142 896 2212 suis
918 2163 990 2238 que
1011 2142 1195 2213 habuerat

96 2240 379 2314 abrenunciavit
398 2253 434 2313 et
453 2241 646 2314 abiuravit.
691 2241 778 2314 Sola
805 2253 930 2313 autern
955 2242 1194 2340 prepositura

94 2341 132 2414 in
148 2340 381 2417 Confluentia
401 2343 434 2414 ei
454 2367 474 2414 a
495 2342 645 2414 domino
664 2366 761 2439 papa
778 2343 932 2415 dimissa
953 2355 1020 2416 est.
1048 2341 1195 2417 lniunc-

7 2489 8 2492 =
96 2453 175 2516 tum
196 2453 254 2516 est
273 2444 393 2516 eciam
414 2444 461 2541 ei⁷
481 2455 521 2516 ut
539 2443 694 2516 ulterius
714 2445 759 2514 ad
779 2444 931 2518 ordines
950 2445 1009 2518 vel
1029 2444 1193 2541 aliquam

98 2543 316 2643 dignitatem
337 2544 551 2644 promoveri
579 2569 653 2617 non
682 2544 812 2642 possit.
857 2545 994 2644 Sicque
1014 2547 1194 2618 confusus

100 2671 145 2718 ex
176 2647 434 2720 crudelissimo
473 2646 613 2721 domini
645 2671 745 2746 pape
780 2646 929 2720 arbitrio
962 2647 1021 2719 *ad
1053 2653 1305 2720 terramtssss‘·

101 2747 303 2821 nativitatis
329 2773 397 2820 sue
416 2772 595 2822 reversus
616 2759 684 2820 est.
738 2749 842 2820 Tune
869 2748 1052 2846 temporis
1082 2751 1194 2819 sedes

101 2847 317 2921 Leodieusis
339 2852 513 2945 vacabat,
546 2873 630 2920 curn
651 2849 757 2920 multi
777 2852 821 2921 ad
842 2849 943 2920 illam
963 2849 1195 2922 anhelarent.

171 2947 312 3020 Eodem
339 2973 437 3021 anno
463 2950 562 3021 inter
585 2951 709 3021 natale
728 2949 877 3022 Domini
896 2961 934 3023 et
952 2951 1286 3048 quadragesi-uso

7 3093 8 3100 κ
101 3049 221 3121 mam¹
248 3049 442 3148 Philippus
469 3074 534 3122 rex
553 3050 579 3120 F
583 3074 790 3122 raucorum·
807 3052 844 3122 in
864 3052 966 3147 regis
984 3053 1192 3148 Anglorum

102 3159 236 3225 terram
256 3151 458 3224 insurrexit
477 3162 512 3223 et
528 3152 690 3248 quedam
706 3160 829 3223 castra
845 3151 1053 3248 occupavit.
1088 3153 1195 3225 Unde

7 3311 9 3340 f
108 3251 177 3324 eia
201 3253 424 3349 quibusdam
454 3251 703 3350 proditoribus
731 3262 895 3325 castrum
924 3253 1072 3348 GisorS,
1101 3255 1196 3350 quod

7 3363 8 3368 ’
98 3376 169 3450 ,pre
197 3353 333 3426 ceteris
361 3354 583 3446 affectabat
611 3353 795 3428 redditum
821 3355 899 3427 fuit.
953 3356 1051 3428 Dum
1075 3379 1140 3427 rex
1159 3355 1275 3448 innpr.

107 3453 267 3552 partibus
287 3409 621 3528 llrerosolimitariis
642 3465 864 3554 moraretur
893 3457 1007 3530 frater
1027 3457 1197 3546 eiusdem
1210 3451 1252 3506 ¹2·

7 3635 8 3638 Ἴ
108 3554 202 3652 regis
225 3556 431 3653 Auglurnm
459 3557 661 3653 lohannes,
689 3557 749 3655 qui
775 3557 968 3632 Sineterra
993 3560 1197 3656 dicebatur

111 3655 207 3728 fratri
227 3678 296 3730 suo
310 3667 354 3729 et
372 3658 523 3730 domino
543 3659 688 3732 absenti
714 3683 874 3756 regnum
900 3671 937 3733 et
955 3661 1079 3734 omnia
1100 3614 1197 3735 bonai
1312 3659 1315 3666 ’

111 3758 182 3831 eius
201 3759 349 3832 auferre
369 3759 601 3834 moliebatur.

7 3941 8 3944 Ἴ
176 3862 284 3933 Anno
307 3861 456 3934 Domini
483 3864 578 3936 1193
606 3861 814 3934 Richardus
845 3886 910 3936 rex
936 3865 1144 3961 Anglorum
1177 3877 1289 3935 arten
1346 3873 1349 3880 '

111 3955 267 4075 partibus
287 3961 623 4035 lherosolimitanis
643 3963 807 4059 rediens,
826 3965 946 4037 ventis
967 3965 1034 4038 sibi
1055 3975 1199 4037 contra·
1213 3951 1308 4004 ⁰⁰²¹·

7 4121 9 4168 ἰ
113 4059 189 4159 riis,
218 4063 255 4135 in
287 4073 427 4136 terram
454 4063 557 4136 ducis
582 4064 732 4137 Austrie
759 4065 952 4163 applicuit,
985 4090 1096 4164 quem
1128 4069 1199 4140 dux

118 4216 141 4289 1)
158 4214 211 4271 (llr.
231 4213 425 4291 Contraquic.
452 4220 470 4273 Ι.
490 4237 513 4272 c.
541 4239 567 4290 p.
589 4219 657 4273 430:
695 4221 827 4290 Philippus
850 4235 903 4275 reu
929 4209 1090 4277 Francorum
1108 4252 1144 4261 —
1163 4251 1200 4262 -·

7 4301 9 4348 l
115 4292 331 4364 praepotentem
350 4295 565 4364 sollempnitatem
583 4309 672 4350 meuse
691 4293 774 4363 Aprili
792 4299 819 4350 tn
838 4293 1053 4350 Norttmunnium
1071 4297 1152 4350 oodtt.
