3118 4786
327 395 396 466 122
728 389 1011 463 GlSLEBERTI

234 607 312 663 1180.
323 591 355 665 ei
376 590 680 665 inservientibus
700 591 886 690 peditibus
905 615 1037 665 secum
1054 591 1253 689 ducendis,
1271 592 1360 688 quia
1382 592 1425 666 in

323 691 494 765 Hanonia
526 701 615 764 tunc
645 692 828 790 temporis
860 692 1058 766 electiores
1095 691 1423 790 animosioresque

321 792 561 889 videbantur,
598 792 668 864 sibi
705 792 927 892 provideret.
982 792 1050 865 Cui
1083 793 1256 866 dominus
1288 816 1421 866 comes

322 892 542 967 satisfacere
560 894 711 990 volens,
739 893 810 966 tria
836 893 939 966 milia
957 892 1072 966 client
1057 902 1139 965 turn
1157 892 1325 1006 peditum
1344 893 1421 968 ele·

322 1003 469 1067 etorum
488 997 584 1068 bene
603 1004 835 1067 armatorum
863 993 899 1066 in
922 993 1085 1108 propriis
1105 993 1280 1106 expensis
1298 1003 1421 1066 trans·

320 1094 433 1167 misit.
487 1094 559 1182 Qui
579 1119 666 1167 cum
683 1094 848 1169 Parisius
866 1094 1139 1194 pervenissent
1159 1093 1332 1166 dominus
1351 1119 1420 1168 rex

319 1194 392 1268 iter
416 1220 528 1267 suum
555 1195 755 1291 differens
788 1195 873 1268 illos
900 1196 946 1268 ad
966 1195 1144 1268 comitem
1170 1219 1256 1267 cum
1281 1194 1420 1292 gratia-

319 1319 404 1368 rum
436 1306 497 1368 act
482 1297 645 1368 tionibus
677 1251 833 1369 reniisit.
886 1295 1030 1369 Eodem
1057 1295 1177 1368 eciam
1210 1321 1306 1368 annu
1334 1294 1419 1366 Phi·

320 1396 444 1494 lippus
466 1421 532 1469 rex
550 1397 781 1469 Francorum
808 1421 895 1468 cum
921 1421 1012 1494 rege
1029 1397 1240 1494 Anglorum
1267 1395 1418 1470 seniore

319 1496 481 1570 Henrico
506 1497 645 1569 multas
664 1497 795 1570 habuit
813 1496 1039 1592 discordias3
1068 1497 1166 1570 unde
1192 1506 1278 1595 post
1297 1497 1417 1570 multa

319 1596 553 1693 colloquia
544 1609 641 1672 mter
676 1622 717 1671 se
752 1597 880 1670 habita
915 1596 1041 1696 sepius
1073 1596 1262 1696 pacificati
1294 1597 1416 1670 sunt¹.

319 1696 462 1783 Quibus
482 1697 679 1796 colloquiis
700 1721 828 1772 comes
847 1698 1098 1771 Hanoniensis
1118 1722 1204 1770 cum
1223 1697 1305 1796 ipso
1325 1721 1416 1794 rege

317 1797 548 1871 Francorum
576 1810 613 1874 et
637 1824 724 1872 cum
751 1798 850 1873 comi
853 1809 890 1872 te
853 1799 1081 1873 tFlandrie
1101 1799 1146 1870 ad
1167 1822 1299 1871 eorum
1322 1797 1417 1896 peti-

318 1899 460 1972 tionem
479 1899 516 1970 in
536 1901 684 1998 magnis
705 1910 742 1974 et
756 1899 882 1972 arduis
897 1898 1059 1998 propriis
1073 1898 1248 1997 expensis
1265 1921 1417 1997 semper

317 1999 507 2071 intererat.

394 2099 536 2172 Eodem
562 2125 659 2172 anno
687 2093 880 2199 Philippus
909 2123 1037 2173 comes
1057 2099 1229 2172 Flandrie
1258 2108 1296 2172 et
1312 2097 1415 2170 Viro·

316 2199 466 2273 mandie
498 2200 738 2298 Radulph'um
769 2202 814 2274 de
847 2200 1007 2274 Cociaco
1042 2224 1156 2298 super
1191 2199 1414 2297 quibusdam

316 2300 511 2373 discordiis
525 2301 688 2375 invisum
702 2303 865 2374 habebat
878 2301 1163 2374 dilectissimum
1179 2299 1327 2373 comitis
1342 2299 1414 2370 Ha-

316 2401 509 2473 noniensis
529 2403 717 2473 sororium
728 2403 755 2497 ²,
775 2413 906 2474 contra
925 2427 1038 2499 quem
1057 2413 1228 2501 tempore
1247 2399 1413 2496 hyemali

317 2525 495 2598 guerram
514 2501 641 2574 movit.
678 2502 782 2574 Unde
801 2502 882 2598 ipse
901 2526 1030 2575 comes
1046 2502 1218 2576 Flandrie
1233 2501 1412 2575 comitem

316 2599 598 2673 Hanoniensem
625 2611 806 2697 tanquam
832 2601 901 2673 sibi
928 2603 1213 2677 confederatum
1240 2603 1285 2674 ad
1312 2600 1414 2674 auxi-

262 2761 266 2768 ,
315 2701 408 2774 lium
428 2725 540 2773 suum
558 2701 737 2774 invitavit.
786 2702 924 2775 Comes
943 2703 1058 2801 igitur
1075 2701 1326 2776 Hanoniensis
1346 2727 1414 2801 per

309 2801 449 2874 'decem
475 2801 553 2874 dies
583 2802 721 2875 milites
753 2813 906 2876 centum
937 2814 974 2878 et
1009 2805 1167 2878 totidem
1205 2803 1413 2876 servientes

316 2902 461 2999 equites
490 2903 668 2976 loricatos
696 2903 731 2975 in
766 2905 928 3003 propriis
961 2905 1135 3003 expensis
1172 2905 1270 3003 apud
1306 2903 1414 2978 Ribe·

316 3013 486 3076 montem
504 3003 635 3076 habuit
652 3003 689 3076 in
708 3004 846 3078 auxilio
867 3006 1014 3080 comitis
1034 3005 1218 3078 Flandrie.
1260 3004 1307 3077 Et
1325 3003 1412 3101 quia

313 3113 403 3177 tunc
422 3104 603 3203 temporis
623 3130 752 3180 comes
767 3105 938 3180 Flandrie
958 3118 1088 3180 contra
1107 3131 1239 3204 regem
1252 3105 1413 3178 Franco-

314 3229 399 3278 rum
417 3231 616 3280 rancorem
637 3218 862 3307 conceperat
889 3218 927 3280 et
952 3233 1017 3281 rex
1041 3217 1172 3280 contra
1199 3207 1324 3306 ipsum
1349 3229 1411 3278 co·

314 3307 466 3402 mitem.
495 3307 633 3379 comite
658 3307 888 3380 Hanoniensi
914 3308 1114 3403 mediante,
1139 3307 1286 3381 inducie
1313 3307 1411 3379 inter

314 3405 439 3502 ipsum
472 3431 604 3504 regem
639 3417 677 3479 et
710 3406 886 3480 comitem
913 3406 1182 3482 Flundrenscm
1212 3419 1249 3483 et
1276 3407 1411 3480 Radulss

314 3506 431 3602 pbum
451 3506 496 3578 de
516 3505 675 3580 Cociaco
695 3506 822 3604 sepius
848 3508 1000 3580 fuerunt
1025 3509 1184 3584 firmate.
1239 3508 1410 3596 Quorum

313 3726 371 3777 ctae
389 3723 472 3776 uoluit
490 3729 639 3778 consentire
657 3725 718 3779 bute
733 3723 883 3796 definitioni,
903 3729 952 3782 sed
971 3729 1049 3797 clepit
1066 3745 1102 3784 ec
1118 3734 1196 3798 purte
1208 3743 1257 3782 sua
1277 3732 1330 3782 tros
1350 3729 1410 3793 cpt-

312 3812 406 3864 sropos
426 3799 453 3850 et
470 3801 524 3850 tres
544 3797 673 3862 baroncs;
704 3801 823 3853 sintitrtcr
840 3815 893 3854 rac
913 3801 1021 3869 duplice
1040 3805 1117 3872 clepit
1135 3817 1170 3856 ec
1187 3805 1265 3868 purte
1283 3815 1332 3853 run
1352 3805 1414 3853 trau

312 3875 448 3938 episcopos
468 3877 495 3926 et
511 3873 566 3924 tres
585 3841 707 3942 horodes,
728 3874 962 3942 adinquirendum
982 3877 1120 3945 diltpenter
1132 3878 1189 3944 qut-r
1201 3875 1305 3928 illorum
1324 3876 1412 3926 mutus

312 3945 354 3998 tus
372 3945 509 3997 baberet
499 3915 851 4013 ratiocinabantur
869 3951 972 4018 utrique
989 3955 1048 4017 repr
1063 3954 1136 4002 storc
1149 3949 1217 4002 bonu
1233 3945 1293 4013 fids·
1305 3951 1333 4000 et
1349 3949 1413 3998 stne

311 4021 380 4072 mulo
409 4021 512 4084 inpenso
540 4021 609 4074 dicto
637 4024 664 4074 et
689 4023 855 4090 t'nqur'u'tium‘
878 4023 1088 4090 supradictorum
1116 4023 1252 4075 duodecim
1280 4022 1405 4086 utrorum,

310 4093 453 4146 secundum
487 4096 680 4160 praescriptum
718 4099 915 4148 conventionem
951 4097 1071 4162 superius
1107 4098 1189 4150 inter
1206 4095 1265 4148 illos
1295 4059 1406 4160 fuctum.

313 4165 337 4230 l)
356 4161 390 4216 V
410 4164 483 4234 pacis
503 4164 748 4219 instrumentuml.
760 4165 820 4220 Kal.
836 4165 887 4219 lul.
902 4167 973 4220 iuter
986 4165 1134 4221 Gisortium
1155 4177 1181 4221 et
1199 4165 1291 4220 Triam
1312 4164 1405 4218 delum

311 4252 353 4306 ap.
375 4235 462 4307 Bouq.
484 4237 570 4300 XVll‚
591 4237 662 4293 441.-
673 4237 736 4292 442.
811 4239 844 4308 2)
859 4257 891 4292 ex
909 4239 1024 4308 Agnete,
1045 4257 1136 4294 sorore
1158 4237 1363 4294 balduians
