3118 4786
333 406 335 412 ’
391 399 1084 484 ennonrcottflbnonlnnsu'·W·
1170 403 1253 478 ’169

136 601 468 686 commitentur
486 601 615 677 venire
634 604 836 681 recusabat
852 610 1060 700 aspectans
1075 602 1252 688 auritium
1266 612 1345 670 ¹¹85.

135 702 292 790 domiui
319 703 482 784 Henrici
498 704 599 801 regis
627 703 913 788 Romanorum„
943 703 1050 778 Unde
1076 703 1160 801 ipse
1187 729 1252 780 rex

151 803 409 882 Romanorum
440 807 486 879 ad
520 804 819 903 suggestionem¹
841 803 989 881 comitis
1018 804 1191 886 Flundria
1216 815 1253 880 et

152 904 428 1005 archiepiscopi
447 906 684 983 Coloniensis
710 915 749 980 et
773 905 882 981 ducis
897 904 1147 987 Louaniensis
1161 905 1254 980 Len·

152 1005 253 1090 diurn
278 1017 452 1106 tempore
479 1007 712 1106 autumpnali
740 1006 861 1102 venit,
887 1009 934 1082 ad
961 1006 1339 1104 proquirendumSepu

152 1106 331 1190 auxilium
364 1119 493 1182 contra
524 1133 657 1206 regern
681 1108 910 1184 Francorum
938 1109 1050 1180 etad
1075 1106 1254 1190 comitem

151 1209 437 1284 Bononiensem
465 1210 774 1308 opprimendum7
800 1219 841 1282 ut
869 1211 915 1283 ab
943 1232 1074 1283 amoro
1103 1219 1141 1282 et
1169 1233 1255 1292 oon·

152 1309 386 1385 federatione
405 1310 510 1408 regis
526 1311 757 1386 Francorum
773 1319 1041 1408 soporaretur,
1069 1319 1109 1384 et
1132 1310 1259 1389 ectum-

151 1421 252 1486 torra
278 1411 360 1486 eius
384 1435 454 1511 par
470 1412 670 1486 transitum
689 1409 792 1508 ragis
810 1411 1068 1486 Romanorum
1087 1422 1255 1496 vastare·

152 1522 223 1585 tur.
276 1513 459 1590 Dominus
492 1512 667 1609 equidem
694 1536 762 1586 rex
786 1512 1044 1590 Romanorum
1072 1513 1257 1591 Leodiutn‘

153 1623 351 1705 venturos,
370 1613 495 1686 comiti
514 1613 745 1688 Hanoniensi
765 1613 969 1688 districtius
988 1614 1193 1709 mundavit,
1215 1627 1255 1696 ut

152 1714 241 1787 itluc
259 1717 304 1788 ad
325 1738 368 1786 se
387 1714 544 1788 veniret.
589 1717 727 1790 Comes
746 1725 874 1788 autern
893 1715 1148 1790 Hananiensis
1167 1715 1254 1790 illuc

153 1815 210 1888 ire
233 1815 463 1914 disponens,
490 1817 676 1913 usquead
696 1813 942 1890 Andennam¹
970 1839 1056 1888 cum
1076 1816 1253 1893 militibus

153 1916 302 1990 circiter
319 1918 394 1992 200
411 1916 527 2012 venit,
546 1926 583 1989 et
601 1915 772 2012 ulterius,
790 1915 878 2014 quia
896 1914 932 1988 in
952 1916 1054 2000 ouria
1073 1915 1134 1990 illa
1154 1917 1253 2015 prin-

153 2017 258 2115 cipes
279 2029 386 2090 erant
406 2017 473 2090 viri
494 2016 760 2116 potentissimi,
784 2017 846 2114 qui
866 2016 934 2092 sibi
953 2016 1253 2113 inimicabantur,

154 2118 298 2192 scilicet
322 2119 632 2216 archiepiscopus
651 2117 889 2192 cotoniensis
908 2118 1101 2217 Phiiippus
1129 2130 1166 2194 et
1194 2144 1254 2192 co-

152 2242 237 2293 mes
264 2218 437 2292 Flandrie
464 2229 502 2292 et
529 2221 603 2292 dux
626 2217 894 2313 Lovaniensis,
921 2220 1083 2293 transire
1110 2224 1255 2317 absque

152 2327 248 2394 sano
265 2321 453 2394 conductu
471 2319 599 2393 notuit.
632 2318 817 2402 Dominus
831 2329 959 2394 autem
974 2343 1039 2394 rex
1055 2323 1255 2396 conducto·

152 2445 215 2496 res
243 2444 338 2519 quos
371 2444 500 2494 comes
525 2421 780 2494 Hanoniansis
810 2419 928 2494 voluit
959 2420 1107 2494 obviam
1140 2422 1253 2516 misit

151 2522 297 2598 scilicet
327 2523 594 2598 Coloniensem
626 2521 977 2620 archiepiscopum,
1014 2522 1251 2624 Radulphum

148 2624 402 2698 Leodiensem
422 2623 664 2724 episcopumq
691 2624 925 2698 Conrurdum
953 2625 1128 2696 comitem
1153 2626 1253 2723 pala·

149 2727 271 2799 tinum
308 2724 422 2819 Roni,
460 2726 665 2798 Henricum
704 2727 841 2798 *ducem
873 2723 1175 2798 'danemboroh
1217 2736 1253 2798 et
1265 2742 1295 2800 n.
1309 2746 1355 2798 56.

149 2829 357 2902 Aubertum
378 2825 554 2898 comitem
574 2828 620 2898 de
640 2826 850 2898 Danborch.
896 2826 1082 2900 Dominus
1102 2826 1252 2922 quidem

150 2951 218 3000 rex
244 2927 501 3001 Romanorum
531 2927 708 3000 comitem
735 2926 1020 3002 Hanonicnsem
1047 2928 1253 3002 summoni-

150 3028 315 3102 tionibus
332 3026 512 3098 districtis
532 3030 748 3098 coarctabat
764 3036 804 3099 ut
817 3028 940 3124 ipsum
956 3030 1132 3103 comitem
1146 3030 1253 3102 Flan-

152 3129 232 3202 drie
260 3137 389 3200 contra
418 3149 550 3223 regem
577 3125 807 3198 Francorum
831 3127 977 3202 iuvaret
1003 3138 1039 3200 ct
1065 3133 1109 3202 ad
1130 3129 1252 3203 maius

152 3229 331 3303 auxilium
350 3227 565 3302 hominibus
594 3226 674 3302 suis
700 3229 746 3300 de
774 3225 935 3324 imperio
963 3239 1091 3301 eontra
1118 3253 1251 3326 regem

150 3332 380 3405 Francorum
416 3339 538 3402 rastra
574 3351 644 3402 sua
680 3327 717 3400 in
750 3327 919 3402 Hanonia
956 3329 1181 3405 deliberaret
1215 3341 1253 3404 et

150 3431 351 3506 transitum
371 3455 439 3528 per
457 3441 596 3506 terram
617 3454 726 3505 suam
746 3439 907 3528 pararet.
956 3433 1009 3502 Ad
1030 3431 1102 3504 hec
1121 3455 1251 3509 comes

150 3532 405 3608 Hanoniensis
425 3535 679 3630 respondebat
702 3535 801 3631 quod
830 3531 1037 3607 mirabatur
1064 3533 1095 3606 si
1122 3557 1252 3608 comcs

149 3632 323 3708 Flandrie
349 3643 478 3706 contra
497 3634 689 3708 danninum
709 3657 818 3708 suum
838 3633 969 3730 ligium
988 3659 1121 3732 regern
1139 3637 1251 3710 Fran·

152 3761 304 3832 corum,
332 3758 416 3806 cum
444 3759 517 3831 quo
543 3737 690 3808 noviter
713 3759 848 3832 paoem
875 3735 1038 3832 fecerat,
1071 3747 1110 3810 et
1133 3741 1179 3811 ab
1206 3761 1251 3808 eo

150 3850 343 3934 tamquam
360 3837 440 3910 eius
451 3836 565 3908 horno
581 3846 618 3908 et
631 3836 776 3909 amicus
791 3848 1020 3934 recesserat,
1034 3862 1105 3910 nec
1118 3847 1251 3935 postea

151 3964 237 4014 eum
257 3935 564 4034 diffiduciaretur,
584 3961 684 4032 nuno
701 3937 737 4010 in
754 3937 854 4011 itlius
869 3938 1136 4014 detrimentum
1151 3938 1261 4023 iabo-¹

151 4044 268 4114 rabat.
294 4039 452 4114 Dicebat
466 4039 586 4112 eciam
603 4061 734 4112 comes
746 4038 1013 4135 Hanoniensis,
1027 4042 1125 4134 quod
1138 4039 1252 4114 comi·

147 4152 228 4259 ¹tem
246 4140 419 4214 Flandrie
437 4142 567 4213 iuvare
587 4143 756 4242 debebat.
806 4139 961 4215 Dicebat
980 4140 1100 4213 eciam
1122 4163 1250 4220 comcs

152 4253 177 4341 i)
197 4269 339 4333 dadanus,
359 4285 374 4322 a
394 4265 498 4324 Namur
517 4269 712 4325 adorientem.
