3118 4786
376 435 650 512 CHRONlCON
677 435 990 510 andennense.
1163 439 1231 512 101

136 635 297 732 diligens
317 636 453 732 ubique
472 636 641 710 locorum
661 635 886 710 constitutus
905 635 1080 710 libentius
1101 659 1232 708 secum

135 737 308 810 habebat.
353 735 408 809 De
429 736 606 834 expensis
627 747 752 811 autern
774 737 856 811 eius
876 736 1078 834 grandibus
1098 747 1175 808 tarn
1195 735 1232 808 in

136 861 361 933 magnarum
387 837 640 909 celebratione
669 839 856 911 curiarum
880 861 992 934 quarn
1019 837 1054 908 in
1081 860 1234 934 guerra·

135 960 218 1008 rum
253 946 290 1009 et
319 948 641 1010 tornamentorum
675 939 861 1011 exercitiis
894 948 932 1010 et
962 940 1008 1010 de
1040 935 1232 1010 beneficiis

135 1037 261 1134 probis
295 1038 473 1110 militibus
509 1037 673 1132 collatis⁷
711 1049 748 1110 et
781 1041 877 1137 qnod
910 1038 1048 1110 milites
1081 1061 1235 1135 semper

135 1137 260 1211 verbis
288 1133 457 1211 dulcibus
486 1149 522 1210 et
549 1139 768 1212 decentibus
794 1139 977 1211 allocutus
1006 1137 1135 1234 licerit,
1164 1161 1234 1209 nec

136 1262 201 1332 pro
229 1237 352 1335 aliqua
378 1249 590 1311 commotus
616 1239 668 1311 ira
693 1242 849 1313 verbum
879 1239 1024 1336 aliquod
1046 1248 1153 1336 turpe
1174 1237 1234 1310 vel

134 1338 315 1412 indecens
349 1351 478 1412 contra
510 1363 575 1412 eos
609 1340 790 1434 moverit,
825 1343 1025 1412 tacendum
1059 1363 1132 1411 non
1162 1347 1232 1410 est.

132 1439 201 1510 Hic
217 1440 351 1534 eciam‚
367 1440 538 1537 quamvis
555 1441 787 1514 secularibus
800 1441 942 1513 deliciis
955 1439 1100 1512 deditus
1117 1449 1234 1533 essen

133 1551 261 1612 tamen
282 1540 414 1613 officiis
434 1541 580 1636 divinis,
601 1542 744 1615 scilicet
763 1541 889 1614 missis
911 1551 947 1612 et
963 1538 1233 1613 ecclesiasticis

134 1641 238 1712 horis
279 1640 472 1713 audiendis
514 1642 751 1737 intendebat,
789 1664 1074 1739 pauperumque
1106 1639 1232 1736 inopie

134 1740 376 1840 compaciens
398 1763 569 1812 escarum
590 1765 743 1812 suarum
763 1741 999 1837 largissimas
1021 1740 1075 1812 eis
1095 1739 1233 1836 imper-

133 1842 295 1916 tiebatur
315 1841 555 1913 elemosinas.
584 1841 658 1912 lste
683 1842 833 1936 quidem
859 1865 979 1912 novus
1006 1862 1135 1912 comes
1161 1839 1233 1910 sol-

133 1942 392 2040 lempnitatem
409 1942 543 2014 natalis
560 1940 707 2014 Domini
723 1941 842 2038 primo
858 1938 1128 2013 inValenoenis
1146 1963 1231 2011 curn
1245 1949 1308 2005 nec.

133 2044 373 2138 llllarghareta
403 2067 517 2114 uxore
545 2067 613 2114 sua
641 2042 676 2113 in
703 2042 838 2139 gaudio
859 2041 1075 2134 celebravib
1101 2041 1137 2111 in
1159 2063 1231 2136 qua
1251 2025 1296 2078 ²5·

136 2143 237 2213 curia
258 2144 406 2213 fuerunt
424 2142 561 2214 milites
582 2146 668 2235 500,
697 2143 757 2215 ubi
777 2141 928 2238 Egidius
949 2140 1165 2238 sepedictus
1185 2143 1232 2212 de

134 2242 273 2316 Sancto
294 2241 447 2336 Obertm
475 2241 531 2312 vir
557 2265 695 2336 magne
722 2242 917 2338 probitatis
944 2241 1146 2336 magnique
1169 2263 1232 2310 no-

135 2343 245 2415 minis
267 2341 490 2436 ubicumque
510 2351 708 2432 terrarum,
727 2344 845 2438 dapes
865 2352 1043 2437 tanquam
1060 2363 1231 2412 summus

134 2441 387 2516 Hauoniensis
408 2440 570 2538 dapifer1
592 2441 893 2535 amministravib
913 2451 1053 2512 etcum
1075 2464 1119 2511 eo
1140 2439 1233 2511 rnili-

132 2556 191 2617 tes
213 2554 249 2615 et
268 2541 478 2614 servientes
504 2539 585 2639 'qui
606 2541 642 2613 in
662 2539 785 2613 officio
804 2541 867 2613 illo
887 2541 944 2613 ius
964 2539 1229 2614 bereditarium
1243 2554 1343 2609 ‘nanc

133 2646 331 2717 habebant.
380 2629 595 2739 Arnulpbti's
623 2665 711 2714 vero
741 2642 796 2713 vir
820 2642 953 2715 nobilis
981 2644 1026 2714 de
1053 2640 1232 2736 Landast⁷

135 2745 195 2842 qui
225 2753 371 2816 mortuo
400 2743 528 2838 Egidio
557 2744 602 2814 de
621 2743 757 2816 Aunoit
786 2767 933 2816 summo
954 2741 1125 2812 Hanonie
1153 2740 1231 2837 pin-

135 2868 261 2938 cerna,
280 2866 435 2914 uxorem
456 2843 553 2915 illius
574 2844 741 2937 duxerat7
768 2844 896 2916 vinum
916 2853 1110 2938 tamquam
1132 2865 1232 2912 surn-

134 2968 219 3018 mus
240 2943 420 3041 pincerna
448 2942 672 3040 propinaviq
701 2953 738 3015 et
764 2967 848 3014 cum
874 2967 917 3016 eo
938 2942 1076 3014 milites
1097 2953 1134 3014 et
1153 2966 1231 3015 ser-

132 3046 280 3116 vientes
302 3042 362 3139 qui
383 3043 418 3112 in
439 3040 561 3113 officio
581 3042 642 3112 illo
663 3045 719 3114 ius
739 3041 1005 3114 hereditarium
1032 3042 1229 3114 habebant.

133 3146 222 3218 Post
240 3145 365 3238 ipsum
381 3141 505 3212 natale
520 3139 667 3213 Domini
683 3141 765 3237 ipse
779 3139 982 3212 Balduinus
999 3163 1127 3211 comes
1144 3164 1228 3210 cum
1244 3161 1325 3212 1172.

134 3249 183 3319 80
202 3241 379 3314 militibus
401 3240 575 3312 torniavit
598 3240 695 3310 inter
721 3240 853 3312 Bussci
881 3238 1079 3310 castellum
1104 3248 1141 3308 et
1164 3241 1231 3312 Ca-

134 3340 351 3417 tbalanum²
369 3333 572 3434 civitatem,
593 3351 630 3412 et
648 3340 747 3412 illinc
766 3341 801 3411 in
822 3349 921 3411 terra
942 3336 1063 3432 Bria³‚
1091 3338 1127 3408 in
1148 3339 1229 3410 loco

134 3445 195 3542 qui
224 3442 357 3516 dicitur
382 3444 524 3514 Vadum
552 3443 598 3514 de
625 3437 739 3536 nisit,
767 3441 964 3535 eumbque
983 3437 1071 3511 illuc
1090 3448 1128 3510 et
1146 3439 1230 3512 inde

134 3545 324 3616 redeundo
342 3566 427 3613 curn
442 3553 495 3612 tot
510 3540 687 3614 militibus
702 3542 738 3613 in
755 3540 915 3639 propriis
936 3538 1127 3637 expensis,
1146 3540 1230 3637 ipse

135 3668 265 3716 comes
285 3643 321 3714 in
343 3641 510 3740 spacium
532 3641 641 3714 unius
662 3643 805 3714 mensis
826 3641 1006 3738 perduxit.
1039 3639 1229 3736 Sequente

134 3769 223 3816 vero
253 3742 543 3841 quadragesima
572 3741 653 3839 ipse
686 3765 814 3814 comes
839 3740 1018 3813 Leodium
1051 3741 1158 3835 adiit,
1194 3750 1320 3812 etttaa.

134 3845 284 3917 domino
317 3843 512 3940 Radulpbo
543 3841 742 3914 Leodiensi
771 3842 969 3941 episcopo,
1005 3839 1230 3913 consobrino
1269 3830 1295 3880 5·

136 3968 217 4041 suo,
237 3944 402 4017 debitum
422 3967 488 4040 pro
508 3943 677 4014 Hanania
699 3942 785 4015 fecit
804 3942 1022 4015 hominium.

137 4125 160 4194 1)
182 4123 213 4176 V.
233 4123 382 4179 Ministeria
403 4124 493 4179 curiae
512 4123 706 4179 Hanonicnsis.
777 4125 804 4196 2)
824 4123 1048 4194 Bussy-Lcttrea
1068 4128 1098 4174 ut
1116 4121 1229 4186 ridetur,

134 4215 148 4251 a
171 4195 289 4251 Cbtlons
308 4202 341 4252 ad
363 4200 467 4264 merid„
487 4207 514 4252 et
530 4197 647 4252 Cbtlons
668 4214 714 4250 sur
728 4195 831 4252 Marna.
889 4197 916 4269 3)
935 4199 960 4250 la
977 4194 1051 4249 Brie.
1106 4193 1135 4266 4)
1154 4192 1229 4264 Lizy,

135 4288 149 4323 a
169 4268 267 4324 Meaux
286 4271 355 4324 inter
375 4281 502 4342 septentr.
523 4281 548 4325 et
568 4271 709 4326 orientem.
