3118 4786
345 406 413 482 196
743 399 1024 476 GlSLEBERTl

251 611 331 682 tres.
342 605 440 704 quod
464 628 551 676 cum
572 628 639 703 per
661 602 804 718 aliquot
822 602 902 678 dies
925 603 1135 679 obsedisset
1120 602 1322 701 tobsessi,
1341 602 1435 676 defi·

341 708 461 819 ciente
478 704 564 778 vino
584 715 622 778 et
640 704 799 778 cervisia
816 714 854 778 et
871 730 970 801 aqua
987 730 1034 778 ex
1051 703 1302 779 desiccatione
1326 703 1431 818 putei

343 804 420 902 sui,
436 805 655 920 plurimum
683 805 878 918 aggravati
905 830 1039 904 pacem
1066 816 1103 879 et
1133 803 1433 881 misericordiam

340 905 599 1004 requisierunt
662 906 800 980 Comes
836 905 962 1003 itaque
997 904 1263 980 Namurcensis
1300 904 1431 980 comiti

339 1007 570 1082 Hanoniensi
588 1017 753 1080 castrum
772 1009 1000 1081 Namurcum
1027 1007 1185 1081 reddidit
1210 1008 1282 1080 bac
1304 1006 1431 1080 condi-

273 1141 276 1146 ·
340 1108 453 1205 tione,
473 1109 571 1206 quod
589 1109 703 1180 bomo
720 1108 882 1206 quidam,
902 1133 1033 1183 eorum
1046 1108 1159 1208 ligius
1174 1107 1432 1205 vir‚.llogerus

339 1211 385 1283 de
409 1210 598 1306 Condatea
625 1210 739 1282 homo
767 1209 879 1308 ligius
907 1209 1054 1282 comitis
1081 1209 1365 1305 Namurcensis,
1394 1217 1435 1282 et

339 1312 453 1383 bomo
473 1310 585 1409 ligius
605 1309 752 1383 comitis
771 1310 1034 1408 Hanoniensis,
1060 1321 1226 1384 castrum
1248 1309 1373 1408 ipsum
1393 1319 1434 1382 et

341 1421 507 1484 castrum
530 1411 691 1507 Durbui,
723 1411 812 1482 dum
839 1411 920 1509 ipse
947 1410 1088 1484 viveret
1115 1421 1152 1485 et
1176 1412 1264 1484 dum
1289 1409 1434 1485 viveret

340 1535 468 1585 comes
487 1511 771 1606 Namurcensis,
796 1510 957 1585 fideliter
975 1523 1234 1608 conservaret,
1261 1512 1312 1584 ita
1331 1511 1434 1608 quod

341 1623 473 1686 neuter
499 1612 536 1684 in
562 1611 695 1684 castris
721 1609 814 1708 illis,
843 1613 931 1686 dum
955 1611 1098 1687 viveret
1124 1637 1251 1686 comes
1275 1613 1435 1686 Namur-

340 1712 475 1812 censis7
494 1723 721 1812 potestatem
739 1713 914 1809 haberet5
941 1725 1029 1813 post
1046 1716 1244 1788 decessum
1262 1736 1350 1787 vero
1371 1737 1435 1785 co·

340 1814 440 1888 mitis
467 1813 753 1910 Namurcensis,
788 1814 868 1912 ipsa
898 1825 1021 1887 castra
1048 1814 1174 1888 comiti
1200 1813 1435 1888 Hanoniensi

340 1915 584 1989 redderentur
611 1925 790 2012 tanquam
817 1914 968 1987 domino
995 1927 1032 1988 et
1056 1915 1196 1990 heredi.
1247 1913 1322 1988 Sed
1345 1914 1436 2012 quia

340 2014 511 2114 Rogerus
529 2039 685 2114 presens
704 2040 779 2086 non
798 2015 939 2111 aderat
957 2015 1082 2115 ipsum
1097 2027 1262 2090 castrum
1275 2017 1435 2090 Namur-

341 2141 427 2189 cum
453 2115 586 2188 Ostoni
612 2116 658 2190 de
684 2115 864 2206 Trasiniis
897 2127 934 2190 et
956 2117 1123 2190 Waltero
1152 2119 1197 2192 de
1222 2117 1364 2192 Warini
1386 2127 1435 2194 ,et

236 2229 238 2234 ’
340 2215 520 2290 Nicholao
537 2218 582 2291 de
596 2216 852 2291 barbencione
866 2219 913 2289 ad
928 2219 1225 2291 conservandum
1243 2219 1313 2302 luit
1331 2243 1448 2291 com··

341 2317 511 2416 missum⁷
531 2343 738 2416 quousque
756 2329 843 2416 post
860 2323 905 2396 15
924 2318 1003 2393 dies
1024 2320 1069 2390 ad
1088 2319 1332 2394 custodienda
1349 2319 1433 2417 ipsa

232 2435 264 2490 rt.
278 2435 330 2489 66‘.
342 2430 466 2491 castra
480 2418 650 2516 Rogerus
669 2430 822 2516 paratus
843 2429 954 2492 esset.
983 2419 1104 2507 'Quod
1120 2431 1248 2494 autem
1265 2431 1433 2494 castrum

341 2518 484 2590 Durbui
503 2519 650 2616 Rogero
670 2518 955 2593 custodiendum
982 2520 1081 2593 infra
1102 2525 1146 2596 15
1165 2521 1243 2602 dies
1264 2522 1434 2594 commit-

340 2629 494 2715 teretur
514 2643 641 2692 comes
660 2619 938 2717 Namurcensis⁷
957 2621 1157 2709 Wildricus
1176 2622 1222 2696 de
1242 2623 1436 2696 Walecu'rt

339 2731 378 2795 et
395 2720 637 2802 Clarebaldus
657 2721 701 2792 de
720 2721 887 2820 Altaripa
913 2731 951 2796 et
975 2702 1173 2796 Bastianus
1192 2725 1237 2798 de
1257 2723 1431 2796 Gordinis
1531 2755 1533 2820 3

341 2820 658 2895 etGodescalcus
687 2821 732 2894 de
758 2822 997 2921 Morelmeiz,
1032 2823 1105 2898 fide
1140 2824 1359 2922 interposita
1396 2835 1435 2899 et
1532 2823 1533 2864 ³

340 2921 551 2994 iuramento
588 2921 890 3020 affirmaverunt5
928 2949 1000 3022 que
1036 2925 1185 3021 quidem
1220 2926 1433 3001 iuramenta
1532 2963 1533 2968 ¹

341 3047 531 3119 nunquam
550 3022 701 3098 fuerun
687 3027 929 3100 ttaobserva.
964 3025 1258 3101 Comesetenim
1276 3028 1433 3100 Namur-

342 3125 464 3197 censis
491 3123 628 3196 milites
653 3125 800 3200 comitis
820 3127 1132 3224 Campaniensis
1122 3152 1160 3198 m
1178 3127 1320 3200 Durbui
1340 3129 1432 3202 etin
1531 3129 1533 3222 ζ

342 3224 517 3298 Bovinia1
544 3224 679 3323 posuit.
733 3226 828 3299 Cum
855 3237 981 3299 autem
1009 3226 1179 3322 Rogerus
1198 3227 1243 3298 de
1262 3225 1431 3301 Condate

343 3325 388 3398 ad
408 3337 491 3397 cust
477 3326 617 3398 todiam
643 3337 852 3400 castrorum
876 3326 1026 3398 illorum
1051 3334 1204 3420 paratus
1230 3336 1346 3419 esset
1375 3354 1433 3402 re·

341 3425 454 3522 quisit
455 3452 518 3518 um
537 3427 606 3500 fuit
625 3453 647 3500 a
665 3427 801 3501 comite
823 3424 1069 3499 Namurcensi
1084 3434 1133 3504 et
1119 3426 1196 3498 tab
1215 3381 1431 3504 homiriibus

340 3525 418 3598 suis
437 3513 624 3626 predictis,
644 3538 684 3600 ut
702 3526 823 3601 eidem
841 3525 988 3621 Rogero
1009 3536 1176 3600 castrum
1189 3526 1332 3600 Durbui
1350 3532 1432 3604 red-

342 3627 446 3702 deret
431 3638 510 3742 tur5
547 3630 643 3740 quod
675 3649 801 3699 comes
826 3625 1093 3701 Namurcensis
1126 3653 1195 3702 nec
1217 3628 1336 3702 voluit
1321 3641 1431 3705 tnec

340 3753 388 3827 po
393 3730 472 3802 tuit.
526 3725 705 3800 Homines
731 3736 857 3799 autem
881 3726 1027 3800 comitis
1055 3729 1326 3827 Hanoniensis,
1359 3756 1428 3830 pro

227 3837 230 3845 ’
341 3831 488 3904 defectu
521 3826 667 3900 comitis
693 3827 959 3902 Namurcensis
986 3854 1100 3929 super
1125 3841 1248 3904 castro
1275 3832 1430 3930 Durbui,
1468 3871 1474 3878 ·

342 3932 467 4016 comiti
489 3927 720 4001 Hancniensi
741 3939 822 4001 cast
825 3955 905 4002 rum
927 3931 1154 4004 Namurcum
1180 3932 1431 4024 reddiderunt

249 4035 251 4042 ’
341 4035 439 4129 quod
472 4054 598 4102 comes
626 4029 877 4104 Hanoniensis
907 4031 1082 4105 militibus
1116 4043 1153 4106 et
1182 4033 1431 4107 servientibus

237 4209 238 4216 χ
342 4131 525 4230 equitibus
551 4142 587 4205 et
612 4131 796 4230 peditibus
825 4143 862 4214 et
880 4133 1105 4208 ¹victualibus
1133 4134 1298 4207 munivit.
1336 4137 1432 4230 Dum

343 4258 368 4330 1)
389 4257 548 4328 Remigius,
570 4278 583 4312 a
604 4259 704 4313 Dinant
724 4263 756 4313 ad
777 4261 981 4332 septentriones.
1031 4251 1035 4260 ’
