3118 4786
344 401 415 474 192
749 403 1034 479 GlSLEBEllTl

121 673 127 684 .
251 610 463 685 tornator
488 611 553 686 ille
575 611 687 685 infra·
696 607 794 686 lines
819 606 967 684 iusticie
985 609 1189 684 Claribuldi
1205 609 1454 710 deAltatipa

340 722 474 811 eaptus
502 712 573 786 fuit
607 722 645 787 et
660 713 871 807 detentus,
905 721 946 786 et
970 715 1019 785 ll
1046 710 1186 784 mercis
1211 710 1449 809 redemptus.

341 813 489 887 Comite
503 823 630 888 autem
639 811 871 886 Bononiensi
885 813 984 912 apud
998 812 1240 886 Namareum
1244 811 1449 908 existente,

340 914 455 987 homo
475 939 537 1012 qm
529 915 658 988 male
675 924 877 987 tractatus
883 914 1027 1009 luerat,
1053 937 1199 1012 pauper
1221 915 1355 1009 mbos,
1380 913 1449 987 de-

340 1014 425 1088 bilis
449 1039 628 1116 corpore,
654 1017 700 1088 ad
728 1014 923 1088 dominum
949 1013 1130 1092 comitem
1158 1013 1448 1088 Hanoniensem

339 1139 449 1189 suram
469 1117 602 1190 detulit
619 1115 907 1215 querirnoniarn.
961 1115 1127 1189 Audiens
1154 1125 1282 1189 autem
1309 1137 1445 1189 comes

339 1216 592 1292 Hanoniensis
622 1217 815 1292 malefacti
845 1217 1064 1308 veritatem,
1091 1215 1293 1290 hominem
1323 1216 1447 1290 male-

337 1318 521 1393 factorem
542 1320 627 1418 oapi
646 1329 684 1393 et
701 1319 746 1392 ad
760 1343 809 1392 se
828 1318 961 1391 adduci
979 1317 1085 1413 feeit,
1110 1316 1256 1412 deinde,
1275 1318 1375 1414 quod
1393 1317 1459 1391 de.

337 1419 650 1493 murdritorihus¹
677 1419 804 1494 facere
827 1429 1088 1515 consueverat,
1103 1418 1224 1491 illum
1235 1417 1279 1489 in
1301 1441 1441 1516 campo

336 1543 456 1618 prope
474 1521 704 1594 Namurcum
724 1520 812 1620 igne
830 1519 1063 1594 concremari
1082 1518 1183 1614 fecit,
1203 1544 1289 1592 com
1308 1541 1441 1593 comes

336 1620 605 1695 Namurcensis
624 1632 663 1696 et
678 1621 737 1694 sui
757 1621 889 1720 perfidi
905 1621 1121 1695 adulatores
1135 1620 1273 1694 ibidem
1288 1630 1439 1716 essent,

337 1746 410 1818 que
436 1723 586 1820 quidem
617 1722 782 1796 hominis
810 1722 1024 1798 combustio
1056 1720 1222 1836 perfidos
1249 1720 1439 1820 homines,
1521 1733 1523 1746 '

336 1823 553 1897 adulatores
573 1824 722 1898 comitis
740 1824 1021 1918 Namurcensis,
1040 1822 1206 1922 graviter
1230 1821 1438 1918 succendit,

337 1923 399 2020 qui
425 1924 463 1996 in
489 1925 625 1998 talibus
652 1926 759 1999 lucra
777 1949 846 1998 sua
871 1924 1090 2024 percipere
1084 1924 1277 1998 solebant.
1330 1923 1437 1998 Unde

218 2063 222 2071 ·
334 2023 461 2122 ipsum
493 2027 672 2100 comitem
707 2027 1004 2100 Namurcensem
1041 2026 1221 2099 adversus
1257 2024 1436 2098 comitem

334 2123 617 2200 Hanoniensem
635 2127 711 2200 ad
701 2128 1073 2242 immiscendorum,
1092 2126 1286 2201 nesciente
1306 2136 1435 2199 tamen

334 2226 473 2301 comite
491 2228 735 2344 Hannoniensi,
758 2229 820 2326 qui
838 2249 955 2329 snper
973 2228 1031 2300 his
1048 2227 1225 2300 omnibus
1244 2225 1435 2300 bonafide

334 2337 372 2400 et
390 2327 526 2402 intuitu
545 2330 692 2404 iusticie
711 2333 857 2430 agebat.
900 2330 994 2403 Cum
1014 2339 1142 2403 autern
1162 2353 1291 2402 comes
1309 2327 1435 2401 Hauo-

290 2461 294 2468 ·
332 2427 474 2502 niensis
488 2430 574 2504 inde
588 2432 815 2504 reversusin
828 2430 1041 2504 Hanoniam
1062 2441 1285 2526 moleretur,
1305 2453 1434 2503 corrues

332 2529 600 2604 Namurcensis
626 2533 723 2630 apud
739 2534 963 2606 Andennam
983 2530 1180 2629 egrotavit
1235 2531 1344 2618 Quod
1366 2555 1433 2604 au·

233 2724 235 2730 ¹
331 2629 438 2702 diens
458 2655 587 2705 comes
606 2632 858 2708 Hanoniensis
876 2633 967 2706 illuc
985 2632 1104 2729 venit,
1138 2643 1179 2706 ut
1203 2631 1434 2706 avunculum

331 2757 443 2806 suum
461 2733 643 2830 visitaret,
661 2734 800 2810 timens
821 2733 954 2830 eciam,
973 2757 1033 2831 ne,
1053 2757 1084 2805 ει
1076 2733 1202 2806 forte
1220 2734 1432 2829 decederet,

331 2833 538 2908 familiares
553 2834 678 2910 illius
667 2861 705 2908 ιιι
719 2836 862 2910 malum
877 2835 1026 2908 comitis
1041 2833 1293 2908 Hanoniensis
1307 2833 1433 2907 moliri

231 2941 239 2958 '
255 2979 262 2993 ·
295 2940 320 2992 5·
332 2935 569 3011 intenderent
582 2961 702 3037 super
712 2935 920 3012 hereditate
935 2945 973 3009 et
983 2959 1099 3034 super
1114 2925 1431 3049 possessionibus

331 3036 481 3110 comitis
507 3039 793 3131 Namareensi53
826 3038 924 3134 quod
951 3036 1138 3135 quidem
1129 3061 1205 3110 ram
1232 3035 1431 3112 faciehant.

332 3137 470 3213 Comes
490 3140 629 3214 etenim
647 3138 934 3236 Namareensis,
961 3141 1007 3212 de
1026 3136 1183 3212 consilio
1210 3137 1431 3212 secretario·

331 3263 414 3312 rum
434 3265 588 3314 suorum
598 3241 698 3339 ,qui
724 3239 915 3314 comitem
921 3193 1204 3313 llanoniensem
1228 3249 1267 3312 et
1291 3241 1432 3311 bonum

329 3338 434 3438 pacis
462 3343 636 3439 oderant,
663 3340 822 3414 nuncios
849 3341 911 3412 ad
921 3339 1101 3414 comitem
1127 3341 1431 3438 Campanensem

330 3441 497 3541 miserat,
517 3454 559 3516 ut
576 3442 653 3515 illic
672 3443 745 3516 cito
761 3440 900 3516 milites
919 3441 1087 3516 mitteret
1102 3443 1152 3514 ad
1171 3442 1432 3515 conservanda

330 3553 455 3616 castra
470 3567 549 3618 sua.
582 3542 730 3616 Comite
744 3543 1115 3618 autem-Hanoniensi
1135 3567 1221 3616 curn
1240 3543 1428 3617 avunculo

328 3665 398 3715 suo
420 3646 518 3743 apud
540 3645 761 3718 Andennam
783 3654 969 3742 morante,
996 3643 1222 3744 significavit
1241 3644 1276 3718 ei
1299 3667 1429 3717 comes
1519 3671 1520 3718 1

327 3744 608 3860 NamurcensiS,
632 3745 762 3842 quod
752 3755 954 3820 interram
975 3762 1087 3818 suam
1110 3748 1205 3820 hene
1224 3757 1361 3845 posset
1372 3769 1430 3818 re·

325 3846 442 3943 verti,
471 3845 660 3944 quianon
691 3847 866 3946 placebat
885 3846 981 3921 sibi
991 3847 1092 3920 illius
1121 3871 1241 3919 mora.
1295 3843 1429 3920 Nuncii

326 3957 455 4019 autem
469 3948 520 4018 ad
541 3945 718 4020 comitem
738 3948 1050 4063 Campanensem,
1060 3947 1179 4045 missi,
1200 3947 1338 4021 comite
1356 3948 1429 4018 Ha-

326 4046 509 4120 noniense
536 4047 746 4146 nesciente,
773 4051 896 4123 solam
919 4049 1170 4146 comitissam,
1196 4048 1347 4124 Henrici
1366 4071 1429 4120 co-

326 4147 428 4220 mitis
447 4158 620 4248 matrem,
639 4150 871 4226 invenerunt
905 4152 1044 4226 Comes
1063 4150 1204 4226 etenim
1223 4148 1429 4250 Canrpanie

328 4275 351 4342 1)
373 4273 459 4328 Gallis
478 4283 640 4334 meurtrr'era.
