3118 4786
303 373 372 446 158
707 363 982 440 GlSLEBERTl

210 567 469 642 {testimonia
500 576 759 663 recesserunt7
787 565 937 664 etquid
966 565 1114 637 'comes
1142 565 1404 638 Hauouiensis

192 661 220 712 Ὗ·
235 662 287 714 ⁵¹⁴·
300 680 386 768 post
404 693 534 752 eorum
555 669 766 741 discessum
787 668 916 764 egerit.
959 668 1055 739 Dum
1077 689 1206 738 comes
1225 665 1402 738 Flandrie

300 780 339 842 et
368 769 676 867 archiepiscopus
708 767 944 843 Coloniensis
977 777 1014 839 et
1044 769 1118 838 dux
1148 767 1401 838 Lovaniensis

300 895 385 943 cum
401 869 626 944 exercitibus
642 869 720 942 suis
733 867 1080 967 apudBelmoncel¹
1102 877 1244 961 essent,
1265 891 1399 962 comes

238 999 242 1006 ·
298 971 551 1044 Hauouiensis
591 994 660 1068 per
699 974 884 1068 quosdam
925 968 1151 1042 mediatores
1190 992 1273 1039 cum
1312 967 1399 1064 ipso

299 1072 585 1169 archiepiscopo
601 1071 825 1168 colloquium
847 1069 987 1166 habuit,
1006 1069 1067 1166 qui
1087 1068 1397 1166 archiepiscopus

300 1197 322 1245 a
347 1173 485 1244 comite
513 1171 744 1244 Hauouiensi
769 1182 810 1242 ut
838 1171 979 1242 faceret
1011 1192 1144 1266 pacem
1172 1169 1396 1266 requirebat.

299 1275 439 1347 Comes
459 1296 549 1345 vero
577 1272 702 1344 sciens
729 1271 897 1344 hostibus
925 1270 1004 1342 suis
1033 1269 1204 1342 victualia
1232 1267 1397 1342 deficere

300 1383 339 1445 et
353 1397 419 1446 eos
435 1395 564 1470 egere,
577 1371 863 1469 archiepiscopo
877 1371 928 1442 nil
944 1370 1174 1443 certitudinis
1190 1372 1396 1466 responde·

299 1477 383 1568 bat,
412 1483 451 1545 ut
470 1473 524 1546 sic
543 1497 630 1546 eum
650 1473 773 1546 verbis
792 1481 925 1571 posset
942 1470 1111 1545 detinere
1131 1483 1168 1543 et
1191 1471 1227 1542 in
1249 1473 1395 1543 cladem

300 1573 513 1646 famelicam
540 1577 760 1672 perducere.
819 1573 983 1669 Fingens
1009 1573 1123 1669 igitur
1150 1595 1278 1644 comes
1307 1595 1395 1643 con-

300 1674 425 1747 silium
453 1699 570 1772 super
596 1675 668 1747 hiis
694 1684 956 1770 accepturum,
983 1673 1098 1748 tribus
1125 1674 1256 1746 diebus
1276 1672 1396 1744 archi·

301 1774 521 1874 episcopum
546 1774 671 1848 verbis
696 1774 834 1848 ociosis
862 1773 1027 1847 detinuit.
1077 1773 1395 1870 Archiepiscopus

300 1876 474 1973 equidem
490 1887 528 1949 et
542 1874 658 1948 ceteri
676 1877 806 1948 hostes
821 1875 1005 1948 astuciam
1021 1875 1166 1946 comitis
1182 1874 1395 1945 Hauouien-

300 1977 352 2047 sis
372 1976 624 2075 percipientes
643 1976 743 2048 illinc
757 1985 1012 2072 recesserunt,
1032 1985 1069 2046 et
1084 1977 1180 2047 inter
1193 1976 1341 2046 Montes
1357 1984 1396 2043 et

298 2075 469 2148 Binciurn
483 2087 725 2150 transeuntes
736 2075 949 2152 Carneriis²
963 2086 1160 2170 venerunt,
1175 2077 1234 2149 ubi
1250 2078 1393 2147 duabus

300 2177 470 2250 noctibus
489 2201 556 2275 pro
578 2178 638 2250 via
660 2177 792 2252 latiore
815 2181 860 2250 ad
885 2180 1154 2250 transeundum
1178 2200 1246 2273 per
1268 2175 1394 2248 haiam

298 2278 469 2352 facienda
488 2303 633 2350 moram
660 2280 841 2352 feceruut.
889 2277 957 2351 Die
976 2288 1104 2349 autern
1130 2277 1245 2350 tercia
1274 2276 1394 2348 archi-

300 2379 502 2476 episcopus
529 2379 766 2451 Coloniensis
794 2389 832 2450 et
858 2382 931 2450 dux
957 2378 1203 2450 Levaniensis
1231 2388 1394 2450 retrans-

299 2487 434 2549 euutes
454 2480 498 2548 ad
518 2479 667 2574 propria
687 2479 832 2550 reversi
852 2488 956 2572 sunt3
976 2501 1105 2552 comes
1119 2479 1291 2551 Flandrie
1308 2501 1393 2550 cum

300 2577 370 2649 illis
389 2577 580 2650 transiens
606 2578 750 2674 haiam,
774 2577 860 2650 inde
886 2601 955 2676 per
980 2589 1120 2651 terram
1147 2581 1250 2651 ducis
1276 2578 1395 2650 Lova-

299 2677 442 2750 niensis
473 2679 510 2750 in
541 2679 753 2752 Flandriam
781 2678 906 2775 rediit,
951 2679 1085 2752 deinde
1117 2681 1153 2751 in
1186 2703 1393 2776 gravamen

299 2779 447 2851 comitis
486 2778 740 2852 Hauouiensis
773 2789 901 2852 contra
937 2790 1076 2854 terram
1113 2781 1394 2854 Ostrevannum

299 2877 399 2976 cepit
416 2903 649 2975 regressum.
685 2881 840 2953 lacobus
859 2891 985 2953 autern
1003 2879 1240 2954 firmitatibus
1255 2880 1394 2952 domini

299 2979 446 3051 comitis
460 2979 726 3077 Hauouiensis,
745 3005 839 3078 quas
854 3005 922 3079 pre
938 2981 1073 3054 ceteris
1090 2986 1231 3076 oderat,
1252 2982 1395 3053 scilicet

297 3081 438 3153 Bellort
454 3091 492 3153 et
505 3083 702 3180 themello,
721 3107 859 3181 graves
874 3083 997 3158 intulit
1010 3083 1189 3178 assultus7
1210 3083 1269 3156 ubi
1286 3081 1392 3177 pauci

298 3193 497 3256 manentes
530 3183 656 3258 multis
691 3183 947 3257 assilientibus
973 3182 1127 3255 viriliter
1157 3182 1392 3255 resisterunt.

299 3282 454 3356 lacobus
480 3294 606 3356 autem
631 3285 716 3356 inde
741 3282 854 3355 nichil
873 3287 919 3355 de
938 3283 1127 3356 voluntate
1149 3307 1217 3354 sua
1235 3283 1392 3377 faciens,

299 3383 391 3455 satis
411 3383 589 3455 confusus
608 3383 778 3454 recessit.
814 3385 951 3455 Comes
972 3383 1122 3478 quidem
1135 3383 1306 3460 Flandrie
1326 3405 1393 3481 per

298 3484 391 3554 duas
411 3482 492 3554 dies
506 3483 619 3554 Vileir
638 3482 792 3554 castello
812 3483 848 3553 in
863 3484 1000 3556 Warda
1021 3485 1140 3556 sancti
1159 3483 1320 3580 Remigii
1339 3483 1391 3554 iu·

298 3582 419 3654 sultus
441 3607 509 3678 per
528 3582 677 3678 militen
697 3606 766 3680 per
784 3583 995 3657 servientes
1012 3587 1157 3682 equites
1178 3595 1216 3656 et
1234 3586 1391 3681 pedites,

299 3691 337 3754 et
362 3706 430 3780 per
455 3681 665 3756 balistarios
700 3694 737 3756 et
772 3707 840 3782 per
871 3686 1159 3782 manghenellos
1188 3686 1293 3780 fecitq
1332 3687 1391 3757 ubi

299 3783 513 3856 custodibus
539 3784 651 3856 castri
678 3784 834 3856 viriliter
861 3796 897 3857 et
922 3787 1094 3859 animose
1121 3810 1163 3858 se
1191 3786 1392 3858 defenden-

296 3883 408 3981 tibus,
435 3907 564 3958 comes
585 3885 756 3957 Flandrie
775 3885 809 3957 in
830 3889 921 3958 cede
942 3897 980 3960 et
996 3887 1214 3959 vulneribus
1238 3909 1392 3958 suorum

297 3983 408 4058 nimis
424 3987 606 4060 confusus
621 3985 790 4060 recessit.
822 3987 943 4061 Rasso
963 3991 1009 4062 de
1025 3988 1163 4084 Gaura,
1182 3987 1243 4084 qui
1264 4009 1392 4085 quarn-

298 4137 321 4204 1)
342 4156 420 4207 supra
445 4158 471 4211 p.
494 4140 555 4195 156.
585 4139 733 4195 Belmonles
762 4142 938 4196 nominatum.
1049 4141 1076 4212 2)
1098 4139 1249 4203 Carnibres,
1280 4159 1331 4193 arr.
1356 4141 1390 4192 de

297 4208 454 4282 Charleroy,
474 4225 543 4268 cant.
564 4215 598 4266 de
618 4212 728 4267 lliuche.
