3002 4790
328 438 606 514 CHRONICON
633 437 946 514 unnontuttst.
1111 444 1184 516 243

71 651 119 715 et
141 641 315 714 canonici
340 639 540 714 fidelitates
566 641 747 716 fecerunt.
793 632 875 713 Duo
896 650 1022 715 autem
1043 641 1278 740 episto-1192.
1358 655 1362 664 ’

68 753 200 842 patus
227 741 373 838 fideles,
405 741 549 815 scilicet
566 741 751 815 Hauricus
777 743 851 814 dux
873 741 1121 816 Lovauiensis
1150 752 1189 816 et

69 843 274 916 Henricus
298 846 370 917 dux
391 845 436 914 de
457 842 685 939 hemburch,
713 842 922 916 avunculus
946 843 1041 939 eius,
1068 843 1187 916 homi·
1297 933 1300 942 ‹

73 943 193 1016 nium
212 943 339 1018 facere
358 946 672 1016 contradicebant.
707 939 880 1017 ulbertus
902 943 1055 1040 etenim,
1082 944 1186 1018 ducis

71 1044 336 1118 Lovaniensis
363 1045 492 1141 frateu⁷
519 1069 541 1117 a
565 1043 787 1142 quibusdam
816 1046 974 1140 electus,
1003 1069 1088 1130 curn
1109 1047 1188 1144 qui·

74 1148 247 1219 busdam
277 1145 469 1220 canonicis
497 1147 542 1219 ad
571 1145 764 1217 dominum
788 1170 927 1244 papam
954 1146 1185 1221 Celestinu'in

75 1246 289 1320 transietat
307 1270 374 1344 pro
395 1271 463 1319 sua
484 1245 669 1319 electione
689 1245 944 1320 confiirnanda
966 1258 1003 1320 et
1022 1258 1189 1345 potesta·

75 1359 162 1420 tem
184 1347 323 1422 domini
342 1346 581 1446 impetatoris
599 1347 635 1419 in
653 1347 931 1446 episcopatibus
948 1349 1186 1422 conferendis
1293 1410 1296 1414 .

79 1450 301 1521 minuenda.

162 1549 314 1624 Comes
341 1549 580 1623 Flandrensis
609 1559 647 1621 et
673 1549 926 1622 Hauonieusis
956 1560 993 1622 et
1016 1551 1183 1623 marchio
1196 1563 1228 1616 t.
1251 1562 1296 1617 84.

1 1737 4 1744 ¹
80 1648 356 1722 Namurcensis
376 1651 434 1722 die
452 1651 617 1747 predicto
632 1650 851 1724 Atrebatum
873 1675 957 1722 cum
979 1675 1095 1724 uxore
1115 1675 1182 1724 sua
1194 1659 1258 1716 Mu.
1271 1663 1296 1717 1.
1396 1732 1398 1736 ,

80 1751 326 1848 Maughareta
361 1751 553 1823 comitissa
585 1751 706 1844 venit,
744 1763 781 1823 et
811 1751 961 1823 domiuo
997 1752 1077 1848 regi
1114 1777 1183 1850 pro

9 1857 12 1864 ’
81 1852 257 1926 Flandria
285 1851 414 1949 ligium
444 1853 614 1924 feceruut
644 1851 853 1924 hominium
888 1862 925 1925 ct
953 1851 1185 1926 fidelitatem.

83 1953 192 2026 Tunc
211 1953 392 2050 temporis
408 1953 582 2026 dominus
601 1976 667 2025 rex
683 1953 931 2048 a'comitibuS,
951 1953 1185 2028 Bclcnieusi1

86 2055 231 2127 scilicet
259 2065 296 2126 et
328 2053 585 2152 cnisniensi2,
622 2053 787 2127 hominia
817 2056 1006 2153 suscepit,
1039 2081 1111 2154 que
1139 2060 1185 2130 ad

87 2155 265 2232 comitem
284 2154 555 2228 Flandtensem
580 2155 758 2228 devenire
779 2157 979 2252 debebant,
1008 2167 1045 2229 et
1063 2180 1084 2229 a
1103 2157 1185 2228 Bal-

86 2256 212 2350 duino³
227 2255 301 2327 filio
313 2257 465 2328 Evrardi
477 2257 653 2349 tadonis,
671 2255 1036 2352 superMcuetauea³
1051 2266 1184 2330 castro.

87 2357 191 2430 Tunc
210 2357 391 2455 temporis
412 2357 585 2429 dominus
605 2379 669 2428 rex
688 2366 806 2429 totam
827 2356 1106 2430 Viromandiam
1124 2382 1185 2430 oc-

13 2453 16 2459 ’
89 2468 305 2557 cupaveuat⁷
324 2461 370 2530 de
390 2481 462 2556 qua
482 2467 609 2530 tamen
630 2457 809 2554 Sanctum
831 2457 1050 2544 Quintinutn
1072 2460 1185 2532 comi-

86 2560 180 2633 tisse
199 2559 432 2632 Bellimoutis
452 2561 613 2656 neuere
642 2559 742 2632 iuste
769 2560 897 2631 heredi
924 2560 1042 2658 ipsius
1070 2572 1184 2658 terre,

87 2665 290 2734 tenendum
312 2686 395 2733 cuin
416 2659 498 2734 aliis
519 2661 652 2734 castris
672 2684 744 2757 que
761 2659 855 2758 ipsa
880 2660 917 2732 in
941 2661 1015 2734 vita
1036 2663 1182 2735 comitis

88 2763 255 2834 Flaudiie
271 2761 429 2858 Philippi
448 2766 614 2856 tenebat
634 2763 832 2834 concessit.
869 2762 955 2859 lpse
975 2774 1099 2834 autem
1121 2767 1184 2836 do·

13 2877 18 2887 '
91 2862 211 2934 minus
228 2885 292 2933 rex
311 2861 348 2932 in
364 2886 432 2959 spe
448 2862 673 2935 succedendi
693 2863 845 2960 mansit,
866 2864 951 2960 quia
966 2862 1027 2936 iila
1043 2863 1185 2962 proprii

1 2975 2 3014 f
91 2961 253 3061 corpotis
273 2963 453 3034 heiedem
473 2987 546 3033 non
567 2962 802 3035 habebat·

162 3065 301 3136 Eodem
329 3074 500 3160 tempore
521 3062 836 3159 quadragesimali
858 3063 1030 3135 dominus
1051 3088 1181 3137 comes

92 3163 235 3236 domino
255 3163 409 3236 Iohanni
429 3163 694 3244 cameracensi
715 3163 837 3234 electo
860 3162 1069 3235 hominium
1094 3165 1183 3237 fecit
1220 3181 1222 3184 ·

94 3289 202 3363 super
226 3264 437 3338 castellaria
469 3263 808 3338 Cameracensi‘in
838 3263 975 3337 castris
1007 3261 1111 3338 Oisi⁴
1144 3276 1182 3338 et

1 3418 4 3453 r
92 3367 341 3440 Haurancout⁵
358 3377 394 3440 et
413 3365 577 3464 Paluelss,
597 3389 669 3464 que
689 3389 820 3460 eorum
840 3363 1012 3440 dominus
1033 3366 1179 3464 abipso

1 3493 2 3549 ς
93 3468 127 3540 in
144 3469 251 3543 feodo
271 3480 401 3540 tenere
426 3470 604 3563 debebat·
633 3469 731 3540 unde
757 3467 907 3538 domina
927 3467 1180 3565 Marghareta‚

95 3570 233 3643 comitis
252 3569 446 3642 Blesensis
465 3568 559 3642 filia.
555 3568 710 3667 neptis
730 3566 870 3639 domini
898 3567 1001 3665 regis
1000 3569 1181 3641 Ι-Ιῖιέιιιοο
1307 3651 1309 3656 ,

1 3745 2 3749 ,
93 3696 180 3768 rum,
199 3673 270 3770 ips1
263 3671 435 3743 domiuo
450 3695 531 3768 regi
523 3670 774 3742 Francorum
790 3679 918 3742 contra
933 3669 993 3742 ius
1014 3678 1051 3743 et
1069 3671 1179 3742 ratio·
1268 3688 1271 3692 ’

1 3783 2 3790 ’
95 3798 171 3846 uem
200 3771 407 3846 hominium
435 3771 597 3868 feteat,
625 3795 697 3868 que
724 3795 744 3842 a
771 3769 903 3842 marito
928 3795 997 3844 suo
1016 3771 1179 3868 Hugone

1 3911 2 3966 }
47 3889 49 3896 ’
95 3877 134 3946 de
151 3874 238 3970 Oysi
258 3874 406 3946 unicam
426 3873 587 3946 habebat
604 3870 734 3969 filiam,
753 3893 825 3969 que
846 3871 966 3944 eciam
984 3872 1023 3944 in
1044 3873 1178 3945 eodem

1 3976 13 4012 '¹
97 3997 180 4047 anno
200 3976 328 4074 nupsit
346 3974 450 4048 fratri
469 3973 607 4046 domini
627 3971 865 4072 imperatoris
885 3971 1026 4069 Ottcni,
1053 3971 1178 4045 comiti

100 4158 120 4227 1)
138 4157 288 4228 Regiuatdo.
344 4158 488 4227 attunt
481 4177 526 4212 ino
541 4156 574 4212 ΙΙ.
641 4156 667 4225 3]
686 4155 847 4227 Mortagne
839 4175 867 4209 an
881 4156 990 4226 regione
1003 4113 1177 4210 Toniacenai

2 4236 6 4247 “
98 4232 121 4301 t)
139 4229 209 4300 Oisy,
228 4250 280 4286 arr.
300 4233 392 4298 Aruas,
413 4243 483 4287 cant.
503 4231 657 4303 Marquion.
749 4231 788 4302 5)
794 4228 993 4296 flanimeum,
1013 4247 1065 4286 arr.
1085 4228 1179 4296 Artas,

3 4338 17 4370 u,
97 4313 156 4367 caut.
174 4303 350 4360 Berlincourt.
408 4307 452 4378 6)
473 4305 585 4370 Pattuet,
606 4323 658 4359 arr.
678 4305 771 4370 Arias,
791 4311 861 4358 cant.
879 4271 1033 4376 Marquiitn.

889 4395 991 4459 16*
