3118 4786
395 431 671 508 CHRONlCON
699 430 1011 506 HANONfflNsu.
1181 435 1248 506 111

150 632 841 727 comitisHenoniensisoonsobrinus,
854 655 924 731 per
937 629 1253 704 intercessionem

150 758 406 831 magnamque
431 733 550 832 ipsius
580 732 727 808 comitis
751 731 1003 806 Hanoniensis
1029 730 1253 805 industriam

151 859 196 908 ac
222 836 391 908 laborem
420 838 465 908 ad
494 834 757 933 episcopatum
784 833 889 906 illum
919 842 1115 932 promotus
1148 829 1254 926 fain,

150 960 172 1008 a
192 951 265 1032 quo
281 937 501 1034 episcopatu
514 935 599 1033 ipse
613 936 786 1032 Rogerus
801 945 889 1034 post
903 932 1011 1008 suam
1029 932 1254 1006 electionem

151 1045 189 1108 et
216 1036 544 1109 consecrationem
572 1035 716 1109 eiectus
743 1035 881 1110 fuisset
912 1045 949 1107 et
981 1034 1062 1106 eius
1093 1031 1255 1130 proximi

149 1139 313 1233 dampna
339 1137 455 1209 nimia
473 1135 723 1210 incurrissent
741 1135 814 1209 nisi
834 1134 980 1208 comitis
999 1131 1253 1220 llanoniensis

149 1235 356 1335 *sapientia
377 1237 432 1310 eis
453 1237 660 1335 profuisset
678 1246 715 1310 et
730 1235 812 1310 eius
825 1235 927 1309 vires
944 1235 1107 1308 maxime
1123 1244 1253 1306 contra
1264 1241 1364 1299 ⁸s.33⁴.

148 1361 283 1435 regern
297 1338 525 1434 Francorum
540 1337 769 1410 Ludovicum
786 1336 841 1410 eis
857 1336 1137 1431 subvenissent⁷
1157 1334 1254 1408 sicut

149 1437 187 1510 in
208 1437 526 1536 subsequentibus
545 1439 630 1510 loco
649 1462 719 1511 suo
738 1437 886 1534 plenius
907 1437 1059 1510 dicetur.

226 1539 367 1611 Eodem
388 1563 486 1611 anno
501 1549 582 1612 orte
595 1539 748 1611 fuerunt
762 1537 948 1614 discordie
962 1537 1060 1610 inter
1075 1535 1254 1608 comitem
1266 1547 1344 1602 1175.
1364 1615 1366 1619 v

149 1637 435 1712 Hanoniensem
457 1649 494 1710 et
513 1641 594 1712 eius
612 1637 765 1712 fidelem
786 1649 823 1712 ct
847 1638 1173 1735 consanguineum
1199 1635 1254 1707 la-

151 1741 285 1811 cobum
314 1741 360 1811 de
386 1739 570 1811 Avethnis
597 1761 712 1835 super
731 1737 952 1836 quibusdam
973 1737 1130 1833 iniuriis,
1159 1759 1253 1833 quas

150 1839 234 1937 ipse
252 1840 410 1912 lacobus
432 1838 583 1911 domino
603 1837 729 1912 comiti
753 1838 892 1910 inferre
919 1837 1127 1930 videbatur,
1154 1837 1254 1908 unde

151 1939 328 2013 dominus
348 1961 478 2013 comes
499 1941 544 2012 ab
563 1939 646 2032 ipso
661 1939 795 2011 Iacobo
814 1938 851 2010 in
866 1937 929 2012 ius.
939 1949 1071 2012 vocato
1088 1945 1254 2009 castrum

152 2041 361 2114 Condatum
389 2051 429 2113 ut
456 2039 526 2114 sibi
551 2043 745 2134 redderet,
781 2039 878 2113 sicut
905 2039 1105 2137 pepigerat
1131 2036 1255 2134 requi-

152 2139 249 2212 sivit.
290 2141 414 2238 Super
432 2163 505 2237 quo
525 2140 608 2239 ipse
628 2141 784 2213 lacobus
803 2141 942 2213 multas
963 2163 1127 2238 querens
1147 2160 1256 2210 occa·

153 2239 282 2313 siones
309 2239 567 2312 frustratorias
595 2263 768 2336 vanaque
801 2240 1053 2336 subterfugia,
1089 2247 1255 2310 castrum

149 2340 241 2413 illud
257 2343 412 2413 tandem
433 2341 466 2414 ei
480 2341 639 2413 reddere
654 2361 811 2436 prorsus
826 2340 990 2436 negavit.
1017 2338 1113 2426 Quid
1129 2346 1256 2410 autem

151 2441 366 2514 faciendum
386 2440 472 2513 inde
492 2449 610 2535 esset,
636 2439 810 2514 dominus
836 2463 965 2512 comes
984 2437 1152 2512 fidelium
1171 2461 1257 2511 suo·

150 2566 257 2638 rum,
293 2541 416 2615 lacobi
448 2541 593 2614 scilicet
623 2541 770 2640 parium
803 2551 841 2613 et
871 2539 1030 2614 aliorum
1064 2538 1256 2634 nobilium,

150 2641 286 2714 iudicio
305 2641 506 2716 commisit.
544 2641 651 2716 Unde
669 2641 873 2714 iudicatum
894 2641 962 2713 fuit
981 2642 1078 2738 quod
1097 2640 1254 2712 lacobus

150 2743 188 2814 in
218 2752 341 2816 castro
370 2767 439 2815 suo
468 2741 581 2814 nichil
605 2742 695 2815 iuris
714 2741 873 2814 ulterius
891 2741 1033 2814 habere
1052 2740 1256 2836 videretur⁷

151 2842 225 2916 nisi
254 2845 301 2915 de
319 2843 440 2940 gratia
460 2853 498 2915 ct
515 2843 709 2916 voluntate
729 2841 869 2916 domini
890 2841 1036 2914 comitis
1055 2840 1144 2913 illud
1164 2839 1256 2913 obti-

53 3027 54 3030 ,
152 2967 244 3016 nere
263 2943 417 3017 valeret.
462 2943 552 3015 Post
570 2943 710 3016 multas
729 2953 856 3016 autem
878 2967 946 3040 per
964 2941 1175 3039 Philippum
1196 2964 1254 3014 co·

151 3043 283 3117 mitem
310 3043 495 3137 Flendus,
518 3041 585 3139 ‘qui
603 3066 671 3138 pro
689 3041 826 3116 Iacobo
845 3043 1023 3115 comitem
1041 3041 1256 3114 Hanonien·
1364 3060 1368 3064 ·

152 3165 236 3216 sem
252 3141 430 3240 precibus
451 3140 580 3238 sepius
602 3139 839 3228 sollicitabat,
867 3151 1044 3237 acceptas
1072 3141 1256 3232 induciam,

151 3244 236 3342 ipse
265 3265 395 3315 comes
423 3241 617 3338 flandrie,
654 3251 844 3315 commoto
873 3239 1059 3333 exercitu,
1092 3239 1256 3312 termino

152 3343 317 3442 pascali,
341 3366 449 3415 anno
480 3341 632 3415 Domini
665 3345 779 3438 1176,
817 3365 892 3414 non
926 3351 1055 3413 contra
1088 3350 1255 3414 castrum
1277 3352 1356 3410 1176.

150 3443 375 3543 predictum,
395 3445 461 3516 sed
482 3451 611 3517 contra
630 3441 814 3516 maiorem
835 3453 873 3516 et
892 3442 1088 3515 meliorem
1107 3451 1255 3540 partem
1266 3446 1291 3482 ⁰·
1301 3427 1366 3552 ¹2¹³·

151 3556 252 3620 terre
281 3544 420 3640 laconi,
447 3543 591 3618 scilicet
617 3547 802 3618 adversus
830 3545 1045 3640 Avethnas,
1078 3543 1255 3616 Iacobum
1323 3541 1329 3554 ‘

154 3645 327 3745 asperius
355 3645 512 3742 aggredi
534 3645 646 3743 cepit⁷
674 3655 712 3718 et
729 3655 771 3718 ut
789 3643 978 3720 exercitus
998 3668 1089 3718 suus
1108 3643 1255 3717 facilius

151 3747 314 3821 transire
332 3755 466 3845 posset
483 3769 633 3842 nemus,
661 3747 758 3844 quod
777 3745 871 3819 Haia
891 3748 937 3818 de
954 3743 1138 3819 Avethnis
1158 3744 1257 3818 dice·

150 3851 280 3943 batur,
307 3847 344 3920 in
368 3847 509 3922 viribus
526 3846 734 3919 'hominurn
764 3869 917 3920 suorum
944 3845 1055 3919 incidi
1082 3843 1189 3940 fecit,
1217 3854 1258 3917 ut

151 3948 328 4022 homines
348 3951 420 4023 100
435 3951 481 4022 de
500 3947 624 4021 fronte
641 3944 805 4034 transire
822 3949 965 4045 absque
985 3945 1256 4045 impedimento

151 4061 329 4147 possent3
357 4050 491 4123 lacobo
518 4074 564 4123 ex
592 4051 752 4122 adversa
776 4059 883 4148 parte
910 4071 995 4121 oum
1016 4046 1156 4121 viribus
1175 4045 1255 4119 suis

154 4149 339 4225 existente
357 4160 436 4224 tam
449 4150 616 4228 ,militum
636 4150 839 4223 multorum
858 4147 1048 4222 aFrancia
1069 4157 1105 4222 et
1120 4172 1143 4221 a
1158 4157 1256 4221 terra

153 4274 181 4348 ι)
202 4294 225 4334 .
248 4276 327 4333 nra.
