3066 4788
374 384 662 498 canonican
680 423 999 498 andaniense,
1189 433 1237 504 sa

133 627 300 704 vecclesie
333 630 401 714 sub
433 627 555 701 abbat'
530 637 623 700 trssa
653 628 806 701 fuerunt
791 626 971 700 tconstit
972 637 1046 701 ute
1099 631 1237 703 Verum

139 729 290 827 quidam
310 726 450 800 domini
470 729 585 801 comit
586 752 627 802 es
570 729 693 801 lad
708 751 802 824 quos
818 727 892 801 de
881 753 963 801 rure
983 729 1137 802 abbacie
1155 756 1237 843 per·

138 831 233 902 tinet
246 827 484 927 prepositure
499 839 537 901 ct
551 829 719 902 custodie
735 838 772 902 et
785 831 1060 928 prebendarum
1071 829 1236 926 donatio,

139 939 365 1029 personatus
384 928 483 1023 illos,
508 929 653 1002 scilicet
670 929 951 1026 preposituram
970 931 1236 1004 elcostodiam

140 1030 362 1128 quandoque
381 1027 528 1101 clericis
550 1030 807 1126 contulerunt,
827 1029 915 1126 quia
938 1031 1038 1102 ad
1007 1056 1237 1107 circumeun-

139 1133 228 1203 dum
260 1139 298 1203 et
328 1128 612 1202 discurrendum
647 1155 715 1227 pro
747 1130 911 1228 negotiis
942 1141 1045 1206 tante
1077 1134 1237 1208 ecclesie

137 1230 311 1304 videntur
329 1229 464 1303 melius
483 1253 598 1328 posse
616 1231 799 1304 laborare.

214 1329 429 1404 Prebende¹
446 1331 492 1403 ad
511 1331 662 1404 titulum
677 1330 807 1404 Sancti
822 1331 999 1410 Germani
1015 1336 1060 1407 ab
1074 1333 1238 1408 ecclesia

139 1435 248 1504 beate
265 1431 415 1504 Waldet
416 1429 546 1504 rudis
536 1455 594 1504 ms
597 1431 706 1506 litote
725 1434 888 1528 fuerunt
912 1436 957 1504 ad
976 1435 1048 1506 hoc
1069 1444 1109 1507 ut
1128 1459 1238 1508 cano·

139 1531 212 1604 nici
247 1542 501 1645 permancant
531 1543 660 1606 sancte
690 1533 944 1606 Waidetrudis
981 1535 1164 1633 capellani
1202 1545 1239 1608 et

139 1631 371 1704 monasterio
392 1631 472 1704 eius
491 1631 529 1703 in
548 1632 681 1705 divinis
702 1633 924 1707 deserviant.
964 1635 1069 1708 Unde
1089 1659 1237 1747 quaqua

140 1732 223 1806 die
213 1732 284 1831 rpsi
300 1731 470 1804 canonici
487 1731 526 1803 in
540 1743 691 1804 monast
693 1732 771 1805 erio
784 1734 849 1805 illo
864 1744 1040 1807 tenentur
1053 1735 1238 1808 maiorem

140 1833 298 1906 missam
315 1856 384 1931 per
399 1833 635 1907 sacerdotem
651 1832 874 1906 canonicum
890 1845 927 1907 ct
945 1859 1013 1931 per
1027 1835 1237 1930 dyaconem

43 1961 46 1964 ·
141 1944 178 2008 el
198 1933 481 2028 subdyaconum
501 1934 714 2031 exsolvere,
743 1944 780 2007 et
804 1959 953 2032 quaqua
973 1934 1031 2008 die
1050 1934 1264 2008 dominice-¹

141 2033 240 2110 etin
164 2033 518 2130 trogaiionibus
544 2033 643 2108 etin
670 2035 892 2108 ascensione
911 2033 1062 2109 Domini
1088 2059 1239 2134 proces-

143 2217 168 2288 1)
189 2215 219 2268 in
240 2215 332 2268 codice
352 2218 427 2285 parvi
447 2215 566 2268 chronici
594 2217 691 2284 gallice
711 2219 869 2284 conscripti,
896 2221 967 2287 quod
989 2219 1059 2270 inter
1077 2218 1240 2288 appendices

140 2287 238 2358 partim
260 2287 392 2348 dabimus,
414 2287 479 2339 baec
498 2289 681 2356 reperiuntur:
701 2291 736 2342 Pr
738 2290 837 2343 ebcnde
850 2292 886 2342 ad
898 2295 999 2344 titulum
1011 2291 1104 2344 Sancti
1114 2289 1241 2344 Germani

142 2363 175 2416 ab
189 2361 303 2416 ecclesia
314 2365 405 2414 sancte
419 2359 593 2415 Waldelrudis
611 2365 727 2416 institute
743 2359 857 2430 fuerunt
871 2364 908 2417 ad
924 2363 975 2416 boc
989 2369 1018 2416 ul
1033 2365 1154 2417 cononici
1170 2378 1239 2431 per-

141 2439 266 2489 maneant
284 2433 382 2488 Sancte
406 2432 580 2488 Waidelrudis
604 2437 764 2503 cappellani,
792 2440 818 2488 el
840 2440 1002 2490 monasterio
1022 2439 1079 2490 eius
1097 2441 1124 2490 in
1143 2437 1239 2490 diuinis

142 2509 303 2562 deserviam.
344 2506 416 2560 Unde
435 2521 539 2575 quaqua
559 2509 601 2560 die
619 2511 671 2576 ipsi
688 2511 810 2563 canonici
828 2511 856 2562 in
874 2513 1034 2563 monasterio
1052 2512 1098 2564 illo
1117 2513 1240 2564 leuentur

142 2584 268 2634 maiorem
294 2581 401 2632 missam
417 2593 469 2646 per
486 2581 653 2634 sacerdotem
672 2586 837 2649 eanonicam,
862 2597 912 2651 per
937 2583 1098 2653 dyaclonum
1122 2585 1148 2636 el
1171 2583 1238 2636 sub-

143 2653 453 2718 diaconumeasoluere,
478 2657 505 2706 el
522 2668 625 2722 quaqua
643 2656 687 2708 die
702 2669 753 2722 per
771 2660 926 2709 canonicum
944 2656 1081 2710 celebrare
1099 2656 1239 2722 capitalem

142 2731 249 2780 missam
268 2725 329 2793 (uns
344 2724 414 2778 linea
429 2733 456 2778 et
469 2725 580 2796 dimidia
595 2728 696 2793 erasae)
721 2729 786 2782 Item
800 2729 894 2783 debent
906 2729 981 2782 nobis
994 2743 1098 2799 quaqua
1112 2729 1238 2782 dieLune

141 2800 336 2884 subdyaconum
360 2803 386 2852 el
409 2799 555 2884 dyaconem
582 2815 631 2868 pro
656 2804 739 2854 missa
766 2804 795 2854 in
821 2804 907 2856 medio
935 2803 1045 2856 ecclesie
1070 2803 1238 2857 celebranda.

143 2873 274 2927 Tenentur
292 2873 375 2924 eciam
394 2875 517 2925 canonici
519 2872 687 2928 sacerdotes
706 2875 825 2928 amnibus
845 2876 981 2929 dominicis
1005 2875 1096 2930 diebus
1121 2877 1240 2942 incipere

142 2947 251 3000 terciam
270 2947 297 2997 el
314 2945 402 2998 dicere
420 2945 534 3012 capilula
553 2952 579 3000 el
598 2949 720 3001 collectas
735 2962 837 3002 necnon
856 2952 882 3001 in
902 2949 1020 3002 omnibus
1036 2948 1128 3002 diebus
1146 2947 1239 3019 quibus

143 3019 237 3073 debent
255 3018 292 3070 ad
302 3020 439 3072 ecclesiam
451 3022 601 3072 conuenire
638 3019 704 3072 Ilem
723 3020 845 3074 debent
835 3025 887 3087 ipsi
905 3023 1026 3075 canonici
1042 3035 1102 3074 esse
1120 3014 1239 3072 carnibus

137 3089 353 3160 processionibus
378 3105 435 3142 cum
462 3091 580 3143 omnibus
605 3095 705 3143 curetis
725 3107 757 3144 ac
775 3093 878 3158 presbit
878 3096 947 3158 eri,s
979 3129 1096 3144 .......
1119 3095 1238 3155 sicariis,

141 3161 288 3218 rectoribus
307 3165 333 3214 el
350 3163 454 3215 clericr's
472 3163 605 3216 scolarum
624 3177 682 3216 cum
701 3163 885 3216 domiceilabus
904 3133 1081 3216 cainonicabus
1102 3178 1153 3230 pro
1170 3179 1238 3232 qua-

143 3249 251 3322 cumque
269 3237 427 3288 necessitate
442 3233 535 3301 facere
554 3235 696 3304 voluerint,
725 3239 781 3288 siae
800 3237 837 3289 od
853 3236 1032 3302 reapiendum
1048 3237 1179 3302 prelatum
1197 3235 1241 3290 cel

140 3310 299 3377 principem
292 3308 447 3376 terranei
464 3309 500 3362 ad
514 3311 675 3376 portandum
691 3306 773 3375 sunus
791 3314 839 3362 ont
855 3309 989 3378 reli'quias,
1007 3323 1056 3376 pra
1072 3311 1145 3362 aeris
1160 3321 1238 3362 sere-

142 3385 224 3436 uiiate
242 3395 290 3434 seu
308 3395 358 3448 pro
374 3381 464 3448 pluuia
482 3381 610 3448 labenda,
629 3397 681 3450 pro
692 3387 767 3450 peste
781 3386 837 3435 siue
853 3379 933 3452 fania,
953 3381 996 3434 ael
1010 3397 1060 3448 pro
1070 3397 1139 3451 pace
1153 3387 1238 3450 elpro

143 3467 314 3541 quacumque
322 3456 481 3508 necessitate
499 3456 610 3508 ecclesie
628 3457 672 3509 vel
685 3458 782 3522 patrie
820 3454 885 3508 itera
902 3470 951 3524 pro
968 3440 1057 3509 illicne
1075 3456 1180 3524 prelato
1198 3456 1241 3508 ael
1311 3463 1313 3468 '

140 3529 268 3612 principe,
288 3527 314 3579 si
328 3540 373 3579 eos
387 3530 521 3595 conlinpal
538 3530 673 3596 adueni,re
693 3532 719 3582 el
729 3528 848 3582 omnibus
864 3529 1078 3596 processionibus
1092 3545 1157 3600 quas
1171 3531 1239 3583 dicle

143 3602 270 3654 canonice
290 3605 481 3652 consueverunt
495 3596 597 3666 facere
625 3601 660 3654 El
676 3602 809 3654 sciendum
823 3606 869 3671 esi,
890 3603 960 3673 quod
977 3602 1030 3656 illis
1043 3602 1134 3656 diebus
1147 3603 1239 3672 quibus

144 3675 268 3730 cononici
292 3677 317 3726 el
341 3672 432 3724 clerici
456 3673 550 3726 debent
573 3686 632 3726 esse
656 3689 714 3726 cum
738 3674 922 3728 domiceilabus
946 3679 1046 3729 nostris
1071 3679 1098 3728 in
1117 3677 1238 3742 ccclesia,

144 3759 271 3831 campane
289 3759 343 3798 uon
359 3747 517 3796 sonantur
506 3759 533 3796 m
554 3746 666 3799 ecclesia
683 3746 712 3799 S
725 3745 849 3802 Germani
864 3751 918 3801 nisi
935 3751 971 3800 sil
984 3763 1036 3816 pro
1055 3749 1138 3817 nabis,
1156 3752 1239 3802 eciam

143 3822 208 3886 ipsis
228 3819 318 3872 diebus
335 3817 526 3886 parrochianus
546 3831 599 3870 nan
618 3819 694 3872 debet
710 3834 808 3874 sonare
833 3835 975 3888 campanas
995 3837 1047 3888 pra
1072 3823 1163 3888 missa,
1187 3833 1239 3886 pro

3 3951 15 3975 ξ
63 3925 67 3930 -
143 3893 261 3960 vesperis
280 3905 363 3961 neque
378 3905 429 3957 pro
447 3903 577 3958 sermone,
598 3891 659 3943 dum
678 3895 765 3945 lamen
783 3897 810 3944 in
830 3895 945 3948 ecclesia·
956 3898 1049 3948 nostro
1062 3894 1125 3946 bore
1138 3891 1240 3958 finian-

144 3969 193 4032 tur,
214 3965 263 4017 sed
280 3964 352 4016 boris
369 3966 485 4030 parociis
502 3967 591 4030 polest
606 3977 705 4018 souare
721 3979 771 4032 pro
784 3980 867 4033 nuper
879 3965 1010 4034 defuncto.
1037 3966 1072 4019 El
1089 3969 1151 4018 nota
1170 3966 1240 4034 quod

143 4038 271 4105 sepedicti
294 4039 416 4089 canonici
438 4050 492 4088 non
513 4041 625 4104 possunt
649 4038 737 4090 adsere
755 4041 861 4092 missam
886 4054 942 4093 eum
968 4040 1057 4092 riotula
1081 4041 1109 4091 in
1127 4039 1240 4092 ecclesia

144 4111 170 4163 S.
192 4107 318 4163 Germani
340 4111 398 4162 sine
417 4110 527 4162 licencia
545 4113 650 4176 nostro,
675 4111 724 4163 sed
748 4111 867 4164 dedimus
894 4114 931 4164 eis
956 4114 1090 4165 licenciam
1114 4112 1242 4165 cantandi

146 4196 202 4235 cum
220 4184 311 4236 nolula
329 4197 411 4267 usque
430 4183 467 4235 ad
484 4184 642 4236 volunlatem
661 4187 778 4236 nostram
801 4199 852 4252 pro
872 4185 984 4238 obitibus
1004 4189 1028 4238 el
1047 4188 1074 4236 in
1094 4186 1135 4238 die
1154 4186 1241 4238 saneti

145 4251 272 4308 Germani
290 4257 344 4308 el
334 4269 361 4307 m
380 4256 422 4308 die
442 4256 633 4308 dedicacionis
640 4257 778 4310 ecclesie.
