3118 4786
398 393 676 482 eflrodlcctt
703 392 1016 468 HANONIENSE.
1185 391 1253 467 171

142 595 325 670 *uxorem
351 620 462 672 suam
480 623 503 670 a
523 621 567 672 se
585 621 655 696 per
676 599 721 672 15
739 619 860 671 annos
879 605 1080 691 remotam,
1094 593 1368 669 ouonnusu.

154 698 304 771 comitis
330 700 379 771 de
401 698 541 772 Gelbra
567 719 752 794 sororem,
775 675 1348 771 Ἰ1111111113113111111111131111185·

109 831 112 834 ·
131 802 461 897 *secundo-gradu
480 797 822 896 consanguinitatis
840 797 1178 895 consanguineam,
1200 819 1259 868 re·
1320 819 1323 828 ·

155 899 270 998 oepit,
296 923 371 998 que
396 901 468 974 cito
487 901 662 999 concepit
679 899 810 986 liliam,
837 923 951 998 quam
968 909 1104 998 postca
1123 920 1258 970 mense

154 999 248 1072 lulio
267 1001 428 1100 peperit,
442 1004 744 1076 Ermensendem
762 995 1008 1074 nominatam.
1033 1001 1140 1073 Unde
1159 997 1260 1071 mala

153 1102 271 1174 multa
292 1103 418 1176 comiti
437 1103 685 1176 Namurcensi
704 1113 743 1176 et
759 1101 827 1175 toti
845 1113 945 1175 terre
966 1123 1035 1175 sue
1054 1110 1091 1174 et
1109 1101 1259 1172 labores

126 1261 135 1274 ,
154 1203 283 1275 comiti
297 1203 530 1278 Hanoniensi
547 1214 585 1278 et
599 1203 677 1278 suis
693 1204 852 1301 ducique
866 1201 1095 1276 Lovaniensi
1109 1200 1259 1299 dispen-

156 1303 215 1377 dia
243 1315 281 1377 et
305 1303 531 1378 detrimenta
558 1304 714 1403 grandia
741 1314 970 1399 evenerunt,
997 1327 1071 1402 que
1090 1301 1259 1376 omniaa

155 1404 371 1478 Lembecha
391 1407 532 1480 malam
551 1415 798 1505 sumpserunt
817 1405 1013 1503 originem.

231 1507 373 1581 Eodem
392 1530 491 1579 anno
505 1508 543 1580 in
559 1511 722 1582 adventu
737 1507 900 1603 Domini,
919 1527 1006 1579 oum
1020 1529 1068 1578 ex
1081 1503 1371 1576 mandatotum.

156 1606 259 1703 regis
277 1607 506 1680 Francorum
526 1631 656 1682 comes
674 1608 929 1681 Hanoniensis
948 1610 994 1681 ad
1012 1605 1138 1706 ipsum
1161 1607 1260 1703 apud

156 1706 421 1782 Senonensem
442 1709 654 1782 civitatem¹
679 1709 928 1806 accessisset,
956 1719 993 1780 et
1012 1708 1048 1779 in
1067 1707 1150 1778 loco
1170 1728 1260 1802 quo-

96 1839 97 1842 *
151 1810 267 1916 udam
295 1809 332 1882 in
361 1810 529 1908 partibus
557 1809 629 1882 illis
656 1831 743 1881 cum
771 1809 966 1882 comitissa
989 1804 1260 1904 Campanensi,

156 1933 288 1983 sorore
308 1933 391 2006 sua,
411 1911 640 2010 colloquium
659 1911 817 1984 baberet
835 1909 1009 1982 dominus
1027 1932 1109 2003 rex,
1128 1929 1260 1980 comes

158 2011 413 2085 Hanoniensis
441 2013 504 2110 qui
532 2013 715 2109 colloquio
740 2011 939 2104 intererat,
967 2011 1119 2108 abipsa
1146 2007 1260 2080 comi·

158 2111 254 2184 tissa
273 2123 310 2183 et
329 2113 615 2211 archiepiscopo
635 2113 814 2186 Remensi
832 2124 872 2185 et
885 2112 1102 2184 Theobaldo
1122 2108 1259 2182 comite

144 2221 198 2284 ‘et
221 2212 416 2310 Stephano
444 2214 579 2285 comite
612 2225 650 2285 et
675 2217 770 2285 duce
797 2213 1014 2309 Burgundie
1047 2219 1259 2282 coarctatus

159 2311 240 2408 luit,
267 2323 308 2384 ut
330 2314 602 2388 conventiones
622 2313 946 2386 matrimoniorum
966 2316 1013 2385 de
1030 2311 1160 2410 pueris
1181 2309 1260 2382 suis

158 2423 197 2485 et
214 2414 342 2510 pueris
363 2415 557 2488 comitisse
572 2413 848 2511 campanensis
867 2413 1037 2504 firmatas
1055 2409 1129 2484 fide
1148 2410 1261 2483 inter-

158 2514 284 2612 posita
305 2525 341 2588 et
360 2515 573 2588 iuramento
598 2514 756 2613 prestito
779 2524 947 2611 teneret,
976 2537 1062 2586 cum
1080 2509 1181 2584 filius
1201 2535 1262 2585 co-

157 2615 260 2688 mitis
279 2617 533 2701 Hanoniensis
559 2609 833 2715 primogenitus
854 2615 928 2688 iam
949 2639 1069 2688 annos
1089 2624 1127 2686 et
1145 2615 1263 2686 Maria

158 2717 353 2790 comitisse
369 2718 644 2816 Campanensis
664 2717 739 2789 11113
758 2742 879 2791 annos
899 2720 944 2789 ad
960 2715 1262 2789 conveniendum

159 2818 197 2888 in
217 2817 455 2890 matrimonio
476 2818 708 2891 sufficientes
727 2818 921 2891 baberent.
966 2820 1106 2892 Comes
1134 2826 1261 2888 autem

82 2915 85 2921 ’
159 2917 414 2990 Hanoniensis
442 2919 609 2991 inducias
639 2943 755 3016 super
779 2921 851 2992 hoo
870 2919 1097 3017 requirebat,
1125 2941 1262 3014 quous·

159 3041 234 3115 que
253 3019 432 3090 Yolendis
459 3018 534 3090 lilia
563 3044 630 3090 sua
658 3030 783 3090 tantos
812 3043 932 3091 annos
961 3020 1135 3112 haberet,
1163 3021 1260 3114 quod

160 3119 347 3191 Henricus
369 3142 498 3190 comes
517 3119 795 3215 Campanensis
823 3119 970 3191 iuvenis
997 3143 1083 3190 earn
1102 3119 1263 3189 rationa-

160 3219 284 3292 biliter
301 3230 435 3319 posset
451 3223 591 3292 ducere
611 3243 778 3292 uxorem.
805 3219 908 3307 Quas
928 3219 1078 3318 quidem
1092 3217 1262 3291 inducias

160 3323 302 3393 babere
322 3346 394 3394 non
415 3321 549 3419 potuit,
568 3345 652 3393 cum
669 3319 768 3394 filius
785 3345 877 3394 sirus
891 3315 1166 3418 primogenitus
1181 3319 1265 3392 Ral-

160 3421 297 3495 doinus
326 3433 363 3495 et
381 3423 497 3495 Maria
522 3423 716 3496 comitisse
735 3422 1011 3520 Campanensis
1039 3421 1114 3494 filia
1141 3445 1262 3495 annos

162 3525 209 3594 ad
236 3524 308 3595 hoc
333 3523 516 3598 haberent
542 3522 786 3600 sufficientes.
835 3523 911 3597 lllis
939 3535 1065 3596 autem
1092 3523 1262 3598 inducias

162 3637 279 3721 'super
304 3625 376 3696 hoc
403 3624 529 3696 comiti
548 3625 781 3698 Hanoniensi
807 3625 1047 3722 negantibus,
1074 3649 1262 3722 suumque

159 3726 341 3798 auxilium
368 3725 494 3797 comiti
524 3726 756 3799 Hanoniensi
782 3726 985 3824 plurimum
1013 3725 1262 3824 promittenti-

162 3831 246 3922 bus,
273 3827 412 3900 timens
435 3849 565 3900 comes
585 3826 669 3924 ipse
687 3826 909 3924 religionem
930 3853 998 3902 sue
1017 3827 1102 3901 fidei
1120 3827 1261 3922 ledere,

162 3926 263 4000 illinc
287 3926 454 4002 Trecas²
478 3926 668 4001 civitatem
695 3931 873 4024 veniens,
906 3929 954 4002 ibi
980 3928 1261 4002 matrimonium

162 4026 332 4101 balduini
350 4027 604 4102 Hanoniensis
624 4038 662 4101 et
678 4025 794 4102 Marie
814 4029 1088 4129 Campanensis
1115 4039 1261 4102 contra·
1275 4034 1354 4089 ¹¹8⁶·

162 4129 328 4202 bendum
340 4131 377 4202 in
388 4131 582 4229 sequentis
595 4130 808 4230 epyphanie
818 4133 960 4204 octavis
977 4130 1150 4230 utrinque
1164 4131 1261 4206 iura·
1281 4109 1339 4238 ¹1³3]

64 4227 67 4237 Ι
167 4255 191 4327 1)
212 4253 289 4310 Seno.
364 4258 392 4329 2)
412 4257 525 4331 Troyes.
584 4324 587 4329 ι
