3066 4788
290 359 340 430 ro
694 353 978 428 cisoranum

34 580 71 613 r
100 575 102 582 ’
289 557 445 655 longam
471 580 561 630 vero
590 555 688 630 inter
714 555 915 630 ecclesiam
943 566 981 630 et
1008 556 1274 632 malefactores
1301 555 1388 630 illos

42 674 48 683 ¹
68 657 78 672 ''
288 657 413 752 litem⁷
439 667 477 730 et
476 655 621 770 ipsius
650 655 811 731 ecclesie
829 667 1036 732 conventus
1055 681 1130 730 non
1149 657 1324 731 diflidens
1343 658 1389 731 de

288 758 390 853 iure,
422 755 548 870 quiin
574 756 737 830 Domino
768 781 875 855 spem
902 781 1012 830 suam
1042 767 1163 832 totam
1193 769 1386 855 posuerat,

287 856 504 932 testimonio
524 867 655 931 sancte
673 859 766 954 dyc,
791 882 863 955 quc
882 858 1109 956 permultos
1127 881 1246 932 annos
1266 867 1388 931 t-umu

246 1035 247 1038 ,
287 960 365 1031 lata
379 957 559 1054 iacuerat,
574 957 759 1056 superbis
774 982 817 1033 se
831 957 1031 1032 commisit.
1051 957 1134 1046 Que
1149 984 1171 1032 a
1185 958 1387 1058 sepulchro

288 1082 376 1154 suo,
399 1068 565 1155 utraque
583 1068 691 1156 parte
710 1058 904 1156 audiente,
931 1069 1071 1132 testata
1090 1069 1149 1132 est
1166 1059 1304 1132 allodia
1323 1059 1389 1131 illa

289 1182 375 1233 esse
399 1158 777 1232 beathaldetrudis
809 1158 964 1257 propria
993 1169 1030 1232 et
1061 1159 1180 1233 libera
1210 1160 1255 1232 de
1287 1158 1388 1252 iuro3

288 1258 419 1355 sicque
439 1258 565 1332 omnia
583 1258 649 1332 illa
667 1258 805 1332 allodia
824 1259 870 1331 ad
890 1259 1092 1332 ecclesiam
1118 1261 1228 1332 beate
1241 1258 1390 1332 Walde·

288 1358 408 1432 trudis
426 1368 711 1453 remanserunt⁷
740 1383 936 1456 quousque
954 1360 1000 1433 de
1018 1359 1391 1433 braina-Wilhotica
1487 1447 1491 1455 ¹

290 1458 411 1532 maior
441 1483 529 1557 pars
561 1469 697 1557 postea
727 1459 773 1531 ad
805 1459 984 1534 comitem
1011 1459 1293 1533 llanoniensem
1320 1483 1388 1556 per

288 1559 552 1633 concambium
571 1558 731 1634 devenit.

365 1658 465 1732 Satis
484 1658 721 1758 igiturpatet
739 1661 837 1756 quod
857 1661 979 1757 Mons,
998 1659 1060 1758 qui
1080 1669 1118 1733 et
1132 1659 1389 1732 Casiri-locus

288 1759 440 1856 dicitur,
469 1759 514 1833 dc
542 1759 622 1833 iure
650 1771 763 1858 caput
787 1760 902 1835 totius
930 1760 1102 1834 Hanonie
1127 1783 1211 1833 csse
1236 1760 1388 1854 debeat,

288 1885 376 1934 oum
403 1863 514 1936 beata
537 1859 791 1934 Waldetrudis
823 1860 938 1932 totius
966 1859 1211 1958 Lothoringie
1239 1859 1390 1931 ducissa

289 1959 434 2058 inipso
461 1961 546 2032 loco
572 1970 650 2032 tam
678 1959 807 2032 vivens
827 1984 940 2056 quam
968 1971 1120 2033 mortua
1138 1960 1266 2034 seculo
1287 1959 1390 2032 habi·
1470 1981 1475 1984 ·

288 2070 370 2132 tare
390 2059 568 2158 elegerit,
598 2070 635 2133 et
663 2084 749 2132 cum
769 2084 897 2133 comes
917 2061 1168 2135 Hauoniensis
1197 2060 1242 2133 ad
1269 2059 1387 2157 ipsius

289 2160 450 2234 ecclesie
470 2159 658 2234 abbatiam
677 2170 715 2234 et
732 2161 967 2234 advocatiam
982 2165 1027 2234 ab
1045 2161 1197 2257 antiquo
1213 2159 1390 2234 sublima·

289 2272 351 2334 tus
376 2259 508 2357 fuerit‚
535 2271 573 2334 et
599 2287 686 2334 oum
711 2261 819 2334 bonis
845 2262 973 2336 multis
993 2262 1074 2360 ipse
1094 2261 1230 2336 eteius
1249 2259 1390 2334 feodati
1418 2289 1421 2296 ·

288 2373 368 2434 tam
382 2361 420 2435 in
433 2361 605 2435 Hanania
621 2387 733 2458 quam
748 2363 785 2432 in
796 2361 998 2434 Brabautia
1011 2362 1116 2444 ditati
1132 2370 1238 2453 sunt5
1256 2383 1390 2433 verum

289 2486 377 2534 cum
397 2472 434 2536 et
451 2461 489 2532 in
503 2461 625 2573 prima
640 2460 759 2558 ipsius
775 2461 934 2534 ecclesie
949 2459 1183 2532 institutione
1199 2461 1390 2533 abbatissa

290 2561 403 2636 luerit
418 2563 463 2634 ad
480 2559 681 2634 ecclesiam
699 2561 906 2656 regendam
925 2560 1107 2656 ordinata⁷
1127 2560 1233 2632 cuius
1253 2560 1387 2633 electio

291 2664 336 2737 ad
362 2659 604 2760 capitulum'
595 2661 713 2757 ipsius
738 2659 811 2731 loci
817 2659 985 2772 proprie
1004 2660 1233 2758 pertinebat
1256 2660 1389 2734 incerti

292 2786 424 2835 sumus
443 2761 631 2873 quomodo
648 2759 770 2832 abbat'
745 2769 797 2830 tra
815 2759 933 2856 ipsius
948 2761 1107 2834 ecclesie
1122 2762 1169 2832 ad
1185 2762 1343 2834 advocat
1328 2770 1388 2833 tos

116 2895 122 2898 a
196 2877 232 2932 ἰ
247 2876 282 2930 o
306 2886 396 2934 suos
413 2858 899 2934 comitHanoniensesesm
914 2859 1183 2956 proprietatem
1198 2860 1391 2936 devenerit

276 2985 279 2993 ‘
293 2959 611 3036 ethereditatem.
665 2958 790 3031 Statut
775 2958 944 3032 tumfuit
929 2959 1136 3057 tequidem
1154 2962 1259 3034 ulad
1280 2963 1390 3034 abba·

292 3064 384 3135 tiam
403 3059 554 3160 proprie
573 3059 779 3159 pertineret
796 3059 913 3133 tercia
927 3085 1015 3158 pars
1028 3061 1172 3159 predict
1175 3087 1283 3134 orum
1299 3061 1390 3133 allo·

293 3163 445 3276 diorum
460 3172 567 3235 sanct
552 3160 752 3237 teWaldct
738 3160 930 3257 trudis‚ut
889 3187 1014 3259 uper
1032 3162 1136 3234 illam
1155 3172 1302 3259 partem
1318 3162 1389 3234 due

292 3274 420 3362 partes
435 3262 473 3334 in
492 3261 689 3335 meliorem
709 3261 868 3336 ecclesie
886 3261 1127 3359 provenirent
1145 3258 1391 3332 commodita-

292 3375 384 3457 tem7
404 3361 616 3457 meliusque
630 3361 726 3434 ad
695 3384 775 3435 erus
795 3386 886 3434 usus
906 3362 1096 3435 salvarent
1081 3371 1162 3456 tur
1190 3357 1361 3432 scilicet
1319 3369 1390 3430 ιιιι
1515 3429 1518 3456 p

287 3462 535 3576 'Quarignou
564 3461 768 3561 Gamapia
794 3461 1062 3536 Framerieset
1078 3460 1172 3536 Kevi
1200 3470 1238 3534 et
1262 3459 1300 3531 in
1319 3459 1391 3532 lle·
1442 3487 1444 3490 ·
1514 3483 1518 3558 ,ᾗ

293 3562 397 3636 riuis
449 3564 603 3635 Verum
612 3587 698 3635 cum
722 3563 759 3634 in
784 3563 906 3661 prima
930 3561 1047 3661 ipsius
1067 3562 1227 3636 ecclesie
1247 3561 1393 3632 institu·
1516 3567 1518 3578 ’

294 3664 397 3736 tione
434 3653 623 3734 abbatissa
653 3664 698 3736 ad
735 3663 941 3761 regendam
982 3663 1183 3737 ecclesiam
1222 3661 1394 3733 ordinata
1428 3715 1431 3722 .

293 3763 449 3858 fuisset
478 3763 572 3835 mul
557 3773 593 3835 e
618 3768 655 3837 et
674 3787 742 3861 per
763 3764 903 3836 multos
927 3787 1046 3836 annos
1065 3763 1103 3836 in
1121 3761 1303 3860 dignitate
1265 3760 1394 3835 tilla

291 3874 562 3938 successerunt
547 3864 710 3936 abbat
683 3873 785 3937 trsse
832 3863 947 3936 Cuius
973 3863 1160 3936 abbatisse
1186 3862 1294 3935 elect'
1269 3871 1319 3933 uo
1347 3861 1412 3936 ad.

292 3965 505 4063 capitulum
530 3963 753 4062 pertinebat
781 3964 878 4038 elect
863 3974 976 4062 taque
1001 3961 1183 4036 domino
1174 3971 1335 4059 imporat
1337 3961 1395 4033 ori

295 4065 552 4139 Romanorum
566 4067 872 4163 presentabatur
892 4090 915 4136 a
934 4087 1006 4161 quo
1026 4063 1111 4177 ipsa
1123 4063 1169 4136 ad
1187 4062 1394 4160 regendam

292 4165 497 4239 ecclesiam
517 4165 661 4264 regalra
680 4164 917 4262 suscipiebat
964 4163 1130 4236 Con
1046 4174 1170 4262 igr
1149 4173 1276 4236 utem
1295 4161 1395 4258 quod
1446 4185 1449 4192 ’
