3118 4786
371 403 650 482 CHRONICON
677 401 998 482 HANONIENSE.
1165 411 1235 484 tat

132 621 228 686 tanc
242 631 353 686 cruce
371 609 547 708 signatus
563 619 642 703 est3
671 627 788 706 quam¹
812 633 898 684 cum
925 632 994 707 per
1010 609 1034 684 5
1053 629 1173 682 armos
1197 618 1327 684 ntitas.

133 710 298 810 amplius
317 719 519 809 gestasset,
537 709 794 808 iterarripuit
848 709 987 784 Comes
997 709 1052 782 ue
1065 709 1240 785 Hostatla-

132 823 223 888 tuuc
250 810 371 888 eciam
398 835 510 888 cruca
537 809 716 909 agnatae
734 809 831 907 luit‚.
850 834 965 908 quam
983 833 1070 884 cum
1088 810 1244 888 tamin

133 911 242 989 anius
261 922 464 1011 gestasset.
482 911 556 988 iter
573 911 748 1010 cuipam,
764 921 807 986 et
823 935 911 990 cum
934 911 972 1006 iu
992 910 1245 1010 Apuliamatl

134 1012 335 1091 (lominum,
355 1014 629 1111 imperatorem
648 1037 801 1089 nonum
819 1011 1245 1092 Romanorumllenrin

134 1114 426 1211 cum-venisset,
458 1112 507 1188 ihi
533 1139 620 1191 cum
639 1139 687 1190 ee
702 1137 853 1190 morant
879 1112 988 1210 fecit,
1018 1122 1056 1187 et
1079 1134 1173 1190 eum:
1189 1135 1246 1188 ee

135 1213 500 1314 adpropiarent,
525 1214 682 1291 ubieito
699 1225 787 1314 post
812 1214 974 1290 reditum
1000 1238 1109 1288 suum
1134 1213 1243 1291 malta

133 1317 255 1392 multa
274 1326 312 1390 et
329 1315 556 1392 detrimenta
575 1315 769 1415 'graviora
781 1325 1004 1414 panaris-est
1242 1332 1276 1389 fr.
1291 1330 1336 1386 re.

158 1457 163 1465 .
210 1419 318 1492 Auno
349 1416 503 1490 Domini
529 1421 637 1514 1168,
668 1415 831 1492 termino
859 1416 1043 1516 paschali,
1079 1415 1315 1510 attineat..

137 1517 459 1593 domiuuseames
471 1517 726 1595 Hauonieusis
745 1517 1237 1616 quodtlominualleruicus
1250 1514 1291 1564 ¹⁷·

135 1643 203 1692 rex
217 1617 486 1710 Romanorum,
505 1617 648 1694 (lumini
661 1618 851 1693 trederici
867 1618 1109 1718 imperatoris
1122 1617 1247 1714 filiun,

137 1721 184 1794 ab
197 1718 305 1794 ltalia
320 1718 357 1790 in
372 1718 599 1795 Tautouiaur
615 1743 817 1818 regressus
833 1730 956 1814 assat,
966 1719 1039 1794 iter
1051 1720 1097 1792 ad
1113 1719 1246 1816 ipsum·
1372 1719 1374 1724 ’

137 1819 333 1896 dominum
374 1819 646 1918 imperatorem
684 1831 723 1896 et
760 1819 856 1893 eius.
877 1817 999 1895 filium
1033 1818 1249 1896 llanrieum·

137 1945 269 2020 regem
289 1921 453 1995 transire
470 1919 679 2020 proposuit.
734 1919 802 1995 Cui
821 1943 952 1998 comes
970 1919 1245 1996 Namurceusis·

138 2022 343 2096 avunculus
371 2046 461 2094 suus
490 2021 634 2097 adulari
662 2021 814 2118 volans,
842 2021 1001 2119 ne-ipse
1018 2045 1138 2120 nepos
1157 2019 1239 2094 eius
1352 2044 1354 2048 ’

138 2122 279 2220 aliquid
298 2123 459 2196 incuria
479 2122 726 2222 imperatoris¹
741 2122 813 2196 sibi
838 2123 1070 2197 contrarium
1097 2121 1240 2196 machi·

138 2233 308 2319 caretur,
333 2223 512 2296 Namurci
539 2223 577 2297 ei·
600 2223 751 2298 obv-iam
774 2222 895 2319 venit,
922 2221 1063 2295 amoris
1089 2232 1126 2296 at
1150 2220 1239 2295 boni
1317 2266 1323 2276 ·

139 2323 291 2422 copiam
308 2323 344 2398 ei
363 2323 600 2422 promittens.
642 2323 779 2399 Comes
799 2333 967 2399 attamen
986 2321 1240 2398 Hauoniensis

26 2461 32 2468 ·
138 2424 357 2523 nonmagis
376 2423 413 2499 ei
432 2427 601 2521 credens,
628 2423 774 2498 litteras
793 2423 1075 2524 deprecatorias
1102 2425 1148 2496 ad
1177 2423 1240 2498 du-

97 2592 101 2600 .
138 2525 284 2601 minum
303 2526 574 2625 imperatorem
593 2527 640 2601 ab
658 2525 725 2600 illo
745 2525 904 2624 accepit,
927 2534 964 2598 et
981 2549 1050 2623 per
1066 2524 1246 2599 Lustrale-¹*

138 2627 323 2704 borchet
345 2626 627 2727 per'lreverim
654 2626 848 2703 civitatem
879 2626 1089 2722 transiens,
1121 2625 1240 2700 ‹lemi-
1301 2720 1304 2725 ‚

139 2753 230 2802 num
248 2753 380 2826 regem
394 2728 652 2802 Romanorum
664 2728 874 2802 Hauricum·
884 2729 983 2842 apud
997 2726 1239 2825 Engelelreu¹

141 2827 339 2927 imperiale
372 2828 555 2926 palatium
588 2828 750 2924 invenit,
785 2830 831 2902 ‹le
859 2851 965 2904 eurus
991 2853 1065 2902 non
1094 2836 1241 2902 tantum

141 2953 254 3028 quam
273 2940 362 3003 tunc
380 2931 426 3002 de
445 2929 568 3026 gratia
586 2929 709 3026 patris
724 2929 946 3006 confidebat.
1000 2929 1095 3004 Cum
1114 2939 1241 3002 autem

142 3054 272 3106 comes
291 3053 406 3128 super
419 3029 763 3127 negotiissuispro
780 3029 989 3105 hereditate
1004 3053 1071 3105 sua
1085 3030 1242 3102 Namar-

142 3131 246 3206 censi
266 3155 352 3204 eum
370 3129 591 3204 conveniret
609 3140 646 3204 et
664 3140 894 3228 precaretur,
922 3129 1004 3226 ipse
1022 3129 1186 3226 benigue
1205 3138 1243 3202 et

143 3231 395 3307 amicabiliter
408 3231 443 3306 ei
458 3232 704 3329 respondere,
720 3229 844 3306 eciam
858 3229 955 3328 apud
971 3239 1118 3328 patrem
1132 3253 1242 3301 suum

143 3333 414 3430 imperatorem
433 3332 613 3408 auxilium
633 3356 743 3405 suum
768 3341 810 3406 et.
824 3329 1026 3408 consilium
1054 3329 1242 3429 promisit,

144 3458 230 3508 cum
254 3444 363 3532 pater
380 3457 470 3507 suus
488 3460 557 3533 pra
577 3433 718 3510 comite
741 3432 898 3532 precari¹
915 3455 1001 3506 eum
1026 3431 1243 3531 proposuis-

143 3544 214 3631 set,
243 3535 440 3634 ipsumque
458 3535 639 3612 comitem
664 3559 751 3612 cum
779 3533 1002 3631 quibusdam
1025 3532 1241 3608 secretariis

144 3635 223 3709 suis
249 3637 294 3709 ad
320 3647 467 3735 patrem
493 3659 607 3713 suum
627 3637 724 3734 apud
751 3634 948 3712 Seleatat²
972 3634 1071 3708 ultra
1097 3634 1242 3708 Renum

143 3737 374 3833 transmisit,
403 3748 441 3811 et
464 3763 533 3835 per
556 3735 783 3812 secretarios
811 3760 900 3813 suos
927 3735 1067 3812 missos
1094 3745 1243 3835 patrem

144 3863 254 3915 suum
278 3865 348 3938 pro
372 3839 512 3915 comite
539 3836 772 3916 Hauonieusi
804 3849 980 3936 precatus
1012 3848 1081 3912 est.
1134 3835 1243 3924 Quod

13 3956 14 4012 ἑ
146 3940 297 4036 quidem
316 3940 389 4039 ipsi
410 3938 630 4040 imperatori
650 3938 801 4038 placuit.
835 3939 891 4016 Ut
902 3949 1029 4013 autem
1047 3935 1244 4034 negotium

147 4040 297 4113 comitis
316 4041 463 4139 plenius
483 4041 602 4141 lieret7
631 4040 714 4140 ipse
733 4040 941 4140 imperator
957 4038 1038 4112 filio
1058 4062 1126 4110 suo
1146 4037 1244 4110 Hen-

13 4145 15 4150 ’
146 4139 225 4213 rico
251 4142 333 4240 regi
362 4143 570 4244 mandavit7
597 4153 637 4217 ut
664 4141 739 4216 cito
767 4143 813 4214 ad
841 4165 882 4216 se
911 4139 1118 4214 accederet.
1170 4137 1243 4227 Qui

13 4287 14 4292 ¹
149 4266 173 4340 l)
194 4265 353 4338 lagalheim.
428 4271 454 4342 2)
475 4269 657 4344 seligenstadt
675 4274 708 4326 ad
728 4269 857 4327 Moenum
870 4268 998 4324 'floriana
