3118 4786
326 426 398 500 116
621 424 623 428 ’
737 421 1015 499 Glstuuuart

399 623 542 697 Eodem
566 647 665 697 anno
693 647 779 696 curn
807 623 1023 722 sepedictus
1043 647 1173 697 comes
1194 625 1365 699 Flandrie
1388 636 1430 700 et

324 723 561 797 viromandie
573 723 765 823 Philippus
781 749 803 798 a
817 723 1074 798 lherosolimis
1089 724 1252 800 redisset
1261 725 1288 822 ¹,
1306 724 1428 799 lulen-

218 880 222 888 .
323 824 379 897 dis
401 824 523 921 vidua,
549 825 696 898 comitis
714 825 969 900 Hauoniensis
990 848 1112 922 soror,
1127 827 1257 925 nupsit
1273 826 1428 925 Hugoni

324 924 450 1000 comiti
469 924 597 1000 Sancti
615 925 732 1022 Pauli,
751 931 870 1024 probo
887 925 993 999 militi
1013 949 1058 1000 ac
1075 925 1219 1022 iuveni3
1245 949 1320 1025 que
1339 951 1427 1000 cum

323 1049 516 1123 nunquam
543 1025 690 1123 prolem
715 1027 913 1101 habuisset
941 1037 979 1100 et
1005 1026 1082 1100 iam
1112 1028 1223 1100 etatis
1252 1038 1357 1101 esset
1375 1031 1424 1102 47

323 1151 522 1223 annorum,
540 1136 675 1223 postea
689 1124 785 1201 filias
800 1127 930 1202 habuit
943 1129 1051 1224 duas,
1070 1127 1261 1202 Elisabeth
1280 1128 1427 1202 scilicet

323 1238 361 1300 et
379 1227 634 1300 Eustachium.

354 1391 355 1395 ,
398 1328 438 1400 ln
459 1327 589 1401 diebus
603 1327 676 1400 illis
690 1326 729 1400 in
745 1328 907 1402 ecclesia
923 1329 1094 1401 Romana
1108 1350 1224 1426 super
1238 1328 1424 1402 electione

323 1451 559 1500 summorum
579 1426 796 1525 pontificum
817 1428 958 1502 scisma
977 1428 1120 1503 diucius
1140 1432 1358 1523 duraverat,
1385 1429 1424 1502 iu

323 1552 396 1626 quo
415 1529 621 1626 imperator
635 1529 891 1602 Romanorum
905 1529 1140 1628 fredericus,
1159 1530 1307 1602 cuidam
1327 1530 1424 1628 parti

321 1629 455 1701 favens
471 1637 601 1702 contra
614 1628 736 1701 Deum
757 1639 794 1702 et
812 1629 1013 1726 iusticiam,
1030 1630 1148 1704 tribus
1167 1630 1330 1704 obedivit
1349 1630 1424 1705 ele·

323 1728 405 1825 ctis,
425 1739 554 1802 contra
572 1729 687 1802 latam
708 1729 744 1801 in
765 1753 831 1804 eos
853 1730 1254 1804 excommunicationis
1274 1741 1426 1805 senten·

215 1829 413 1904 *scandam
432 1830 688 1926 consecratis,
716 1831 815 1903 'cum
834 1831 1009 1904 dominus
1028 1832 1242 1905 Alexander
1258 1855 1357 1930 papa
1375 1834 1424 1906 ad

320 1931 506 2004 honorem
520 1929 589 2028 Dei
604 1933 650 2002 dc
665 1929 811 2004 iusticia
828 1932 971 2004 electus
986 1955 1031 2003 ac
1046 1942 1291 2006 consecratus
1307 1943 1423 2006 esset.

322 2028 389 2105 Cui
407 2029 619 2103 Ludovicus
634 2052 700 2102 rex
715 2031 945 2104 Francorum
958 2031 1167 2130 Francique
1182 2032 1423 2131 universique

323 2128 529 2226 christiana
549 2129 611 2228 qui
629 2129 815 2203 Frederiei
833 2129 1072 2230 imperatoris
1092 2133 1216 2207 minas
1231 2157 1305 2206 non
1321 2132 1424 2207 dubi·

320 2234 461 2326 tabant,
490 2254 645 2328 prorsus
672 2231 906 2306 obediebant.
954 2231 1175 2308 Fredericus
1204 2244 1332 2307 autem
1350 2234 1423 2307 Ro·-

322 2355 456 2404 manos
483 2342 520 2404 et
544 2323 689 2405 Tuscos
715 2331 1069 2430 Theuthonicosque
1097 2335 1177 2408 suis
1204 2333 1422 2432 apostolicis

320 2431 409 2504 fecit
428 2431 599 2526 obedire3
619 2443 786 2505 attamen
804 2433 1019 2529 Lumbardi⁷
1037 2434 1229 2508 Venetiaci
1245 2446 1283 2509 et
1296 2434 1425 2509 Pisani

320 2531 576 2604 Alexandrum
595 2532 773 2604 fovebant
792 2542 829 2604 et
848 2533 882 2605 ei
897 2534 1130 2608 obediebant.
1158 2535 1326 2609 Tandem
1341 2536 1422 2609 Deo

287 2692 292 2701 ,.
321 2633 473 2705 volente
491 2631 710 2704 Fredericus
730 2631 947 2730 imperator,
975 2659 995 2706 a
1016 2635 1114 2708 malo
1135 2638 1318 2710 recedens
1338 2659 1423 2735 pro-

322 2731 444 2831 posito
460 2756 542 2827 suo,
563 2731 744 2806 abiuravit
759 2733 967 2830 apostolico
977 2734 1114 2808 Victori
1134 2736 1299 2832 nomine,
1319 2737 1423 2834 pedi-

322 2836 467 2931 busque
496 2832 698 2905 Alexandri
730 2858 828 2932 pape
864 2845 1095 2933 prostratus,
1123 2836 1423 2910 misericordiam

232 2956 310 3012 1177.
322 2933 536 3031 postulavit.
565 2934 661 3005 Pace
677 2934 788 3030 igitur
807 2945 845 3007 et
862 2936 1004 3010 unitate
1020 2937 1244 3010 universalis
1261 2936 1422 3012 ecclesie

274 3039 277 3042 ’
321 3035 358 3106 in
372 3033 527 3108 Venetia
546 3034 763 3130 reformata,
782 3036 980 3108 concilium
997 3061 1095 3110 anno
1112 3040 1258 3135 eodem,
1278 3037 1423 3112 scilicet

230 3157 420 3212 armanno
445 3135 596 3208 Domini
625 3139 738 3231 1178,
771 3136 956 3210 universis
992 3138 1240 3211 ecclesiarum
1264 3139 1435 3235 prelatis.

209 3230 272 3286 Mfl·
284 3229 309 3287 ⁵·
321 3238 439 3310 Rome
465 3237 534 3308 fuit
560 3236 760 3329 indictum,
793 3237 979 3309 dominica
1006 3237 1141 3311 Letare
1172 3239 1421 3336 lherusalcm,

322 3336 556 3410 ct-Laterani
588 3337 829 3409 celebratum.
889 3337 945 3408 De
974 3362 1045 3432 quo
1071 3338 1303 3428 Alexandro,
1337 3339 1418 3412 viro

319 3439 503 3532 prudente
517 3435 713 3531 vividoque
730 3444 767 3506 et
781 3437 985 3507 admodum
1000 3436 1162 3510 litterato
1178 3451 1216 3513 et
1227 3443 1419 3514 adomnes

320 3538 357 3606 in
386 3535 481 3607 votis
509 3534 586 3606 suis
613 3544 650 3606 et
677 3534 784 3606 iustis
810 3535 1050 3631 petitionibus
1070 3539 1232 3636 benigno
1253 3551 1290 3612 et
1314 3565 1421 3613 man·

321 3644 428 3708 sueto
449 3634 686 3732 ecclesieque
705 3644 852 3707 rectore
873 3637 1047 3734 provido⁷
1074 3640 1298 3714 miraculum
1327 3641 1419 3716 satis

319 3735 563 3808 manifestum
583 3734 718 3807 evenit.
755 3736 849 3809 Cum
869 3736 969 3809 enim
989 3750 1075 3837 post
1094 3745 1244 3814 beatum
1265 3743 1419 3815 Petrum

319 3837 442 3908 nullus
462 3835 498 3906 in
519 3844 656 3932 papatu
677 3845 822 3908 tantum
843 3837 998 3912 vixisset
1017 3850 1196 3938 quantum
1222 3841 1305 3939 ipse
1331 3847 1419 3915 bea·

319 3948 378 4011 tus
399 3939 551 4032 Petrus,
581 3936 652 4008 iste
671 3936 779 4008 annis
799 3936 966 4034 pluribus
993 3940 1200 4039 supervixit
1225 3952 1265 4014 ut
1287 3953 1419 4014 contra

320 4036 556 4111 scismaticos
578 4037 811 4134 prevaleret,
848 4051 884 4111 et
912 4052 1040 4114 sancta
1060 4041 1223 4115 ecclesia
1243 4067 1311 4140 per
1329 4061 1418 4116 eum

318 4138 356 4210 in
377 4137 557 4211 unitatem
577 4137 726 4210 rediret.

320 4266 345 4340 1)
366 4284 457 4323 menae
476 4265 600 4334 Octobri;
621 4267 671 4326 cfr.
692 4267 770 4325 Cout.
789 4266 887 4342 Aquic.
908 4269 923 4325 Ι.
942 4289 965 4329 c.
985 4271 1048 4326 417.
