3118 4786
373 429 650 506 CHRONICON
674 423 990 504 HANONIFNSE.
1031 509 1057 534 ³,
1156 431 1230 504 tra

11 681 12 686 =
129 635 217 706 dom
234 597 680 731 ngd'iusipsamrillam
708 630 872 705 Bnilueiz
901 641 938 704 et
956 631 1082 704 villam
1101 630 1323 704 Mami-nor.
1357 663 1360 668 ·

130 733 202 806 niis
217 733 244 827 1,
284 757 400 830 quarn
422 757 569 806 noram
600 733 831 828 instituerat‚
867 732 989 830 stagia
1020 731 1232 806 Montensis

127 835 244 908 castri
264 833 428 946 addidit..
440 864 442 870 ¹
474 866 477 872 ·

207 967 466 1044 Eorlemanno
485 981 656 1072 tempore
677 968 1014 1070 quadragesimali⁷
1042 995 1139 1042 anno
1161 970 1319 1043 sci-Man.

128 1071 218 1144 licet
249 1075 362 1168 1185,
397 1097 480 1145 curn
510 1071 684 1145 dominus
710 1077 778 1144 rex‘
798 1072 1027 1143 Francorum
1057 1095 1140 1144 curn
1168 1073 1231 1143 do·
1262 1059 1304 1113 ¹⁰·

132 1171 232 1244 mino
253 1197 344 1271 rege
364 1174 581 1272 Anglorum.
595 1184 633 1246 et
651 1173 788 1246 comite
806 1171 977 1250 Flandrie
1001 1197 1119 1272 super
1144 1195 1233 1271 que·

129 1274 208 1346 rela
238 1272 450 1372 supradicta
476 1275 521 1348 rle
540 1275 725 1350 Belcasne
744 1272 971 1372 colloquium
989 1273 1088 1346 inter
1105 1273 1232 1346 Triam

128 1385 170 1446 et
183 1373 337 1448 Gisors²
355 1375 591 1471 habuissent,
610 1375 646 1449 in
668 1400 740 1475 quo
761 1373 946 1474 colloquio
964 1399 1093 1448 comes
1108 1375 1233 1447 Hano·

128 1475 275 1548 niensis
302 1500 385 1548 cnm
416 1476 566 1550 domino
594 1501 686 1574 rege
713 1475 942 1549 Francorum
970 1477 1111 1572 luerat,
1144 1477 1230 1548 inde

132 1585 369 1650 revertentes
385 1577 528 1651 scilicet
544 1588 580 1652 et
595 1603 660 1650 rex
672 1579 901 1652 Francorum
918 1588 955 1650 et
967 1601 1096 1652 comes
1107 1577 1231 1650 Hano-

129 1677 274 1750 niensis
296 1687 333 1750 et
352 1701 480 1751 comes
499 1678 683 1774 Flandrie,
710 1679 934 1752 'Ambianum
961 1679 1149 1756 civitatem
1169 1703 1231 1749 ve·
1274 1733 1281 1746 .

91 1837 94 1841 .
129 1788 283 1874 nerunt3
311 1777 372 1852 ubi
397 1803 525 1853 comes
543 1778 715 1852 Flamlrie
734 1779 883 1851 domino
902 1777 984 1876 regi
1001 1779 1230 1853 Francorum

127 1904 196 1977 pro
211 1880 396 1953 Beleasne
417 1890 541 1976 castro
556 1880 751 1956 retinendo
767 1879 922 1956 Roiam³
940 1881 975 1952 in
990 1879 1234 1954 Viromandia·

126 1980 252 2076 tledit7
279 2007 345 2056 rex
373 1993 500 2055 antem
521 1981 685 2055 dominio
704 1981 941 2055 Atrebatonsi
960 1983 1045 2056 addi
1065 1992 1228 2064 castrum

128 2079 316 2155 Belcasne
335 2083 534 2157 concessit.
569 2083 708 2156 Ibidem
729 2077 902 2156 dominus
922 2108 987 2156 rex
1000 2081 1229 2159 Francorum

129 2178 296 2256 Mathildi
318 2184 422 2255 uxori
442 2186 588 2258 comitis
606 2183 796 2282 Flamlrie,
821 2209 894 2282 quo
914 2209 956 2256 se
975 2183 1146 2280 reginam
1167 2209 1230 2280 ap-

130 2282 262 2388 pellari
291 2283 452 2356 faciebat
504 2283 717 2357 dotalicium
747 2310 776 2368 a⁴
796 2285 933 2384 comite
960 2283 1131 2357 Flandrie
1161 2283 1229 2356 sibi

127 2407 355 2458 concessum
378 2339 621 2458 conlirmavit.
670 2385 807 2458 Comes
828 2396 953 2460 autem
973 2385 1228 2458 Hauoniensis

127 2495 169 2558 et
187 2496 331 2558 tuncct
351 2485 444 2558 alias
473 2511 588 2586 super
614 2489 686 2559 hoc
714 2485 952 2584 requisitus,
980 2483 1066 2568 illud
1084 2507 1339 2590 „approvato

126 2591 216 2661 bare
236 2587 397 2662 nolebat.
956 2601 960 2608 ’

203 2727 390 2823 Tempore
411 2725 600 2823 paschali,
627 2750 726 2800 anno
755 2723 940 2799 dominice
959 2723 1227 2799 incarnationis
1237 2739 1304 2810 apr.

131 2829 245 2918 1186,
274 2849 404 2918 comes
432 2825 706 2920 HanoniensiS‚
734 2822 860 2900 habito
878 2823 1171 2898 secretariorum
1192 2835 1229 2898 et
1251 2814 1291 2870 ¹3·

128 2923 367 3002 familiarium
395 2951 550 3000 snorum
577 2926 733 3001 consilio
758 2951 875 3025 super
898 2927 1031 3000 debitis
1051 2927 1129 3001 suis
1150 2951 1227 3000 ma—

125 3026 213 3124 gnis
237 3051 305 3126 pro
330 3027 507 3125 expensis
528 3037 565 3101 et
585 3027 744 3104 militum
764 3037 800 3098 et
820 3028 1064 3100 servientium
1084 3029 1226 3125 stipen-

130 3127 329 3201 diariorum
358 3127 744 3220 remunerationibus,
778 3151 869 3198 curn.
892 3129 1027 3200 comite
1055 3127 1225 3200 Flandrie

125 3239 257 3302 contra
285 3253 417 3327 regem
445 3229 673 3303 Francorum
701 3238 850 3302 etcum
879 3252 971 3325 rege
996 3229 1237 3302 Francorum

127 3329 327 3424 aliquando
347 3340 384 3404 et
398 3333 622 3428 quandoque
637 3353 706 3428 per
724 3353 766 3403 se
785 3339 913 3402 contra
930 3329 1105 3403 comitem
1120 3329 1226 3400 Flan-

127 3431 206 3504 drie
227 3441 264 3514 et
282 3435 416 3504 ducem
434 3433 711 3506 Lovaniensem
732 3441 769 3505 et
786 3431 961 3506 lacobum
982 3433 1028 3504 de
1041 3429 1226 3504 Avetbnis

127 3531 255 3627 lactis,
283 3533 450 3606 studiose
475 3533 661 3608 Montibus
689 3533 725 3606 in
753 3541 877 3606 castro
897 3556 965 3606 suo
985 3531 1225 3632 computavit.

127 3633 209 3721 (lue
238 3633 388 3732 quidam
413 3635 537 3708 debita
564 3658 684 3732 usqne
708 3637 754 3708 ad
774 3639 818 3708 41
842 3633 942 3707 milia
960 3635 1074 3709 libras
1092 3635 1226 3708 Valen-

8 3787 14 3826 ,
124 3734 349 3816 cunensium
368 3735 607 3808 denariorum
626 3737 778 3810 luerunt
792 3747 1018 3834 computata.
1045 3738 1150 3810 Unde
1167 3759 1226 3806 co-

127 3861 210 3910 mes
239 3836 512 3926 Hanoniensis‚
548 3835 637 3908 licet
660 3837 811 3932 dolens,
838 3848 978 3912 terram
1007 3862 1115 3913 suam
1141 3861 1226 3934 gra·

127 3937 223 4010 viter
248 3937 360 4012 talliis
388 3939 656 4036 opprimendo,
692 3948 838 4036 partem
871 3940 1053 4013 maiorem
1082 3949 1119 4010 ct
1145 3939 1224 4010 fere

8 4037 10 4078 ³
127 4047 245 4112 totam
262 4039 358 4112 infra
379 4045 400 4112 7
422 4065 576 4114 menses
596 4039 787 4139 persolvit.

133 4219 157 4287 1)
184 4217 357 4290 Momignies‚
382 4222 531 4295 aClilmay
557 4228 590 4278 ad
613 4225 700 4278 occid.
793 4225 820 4292 2]
846 4223 923 4287 Trio,
951 4227 1054 4295 depart.
1073 4228 1107 4280 de
1126 4227 1225 4294 l'Oise;

130 4290 236 4356 Gisom,
258 4295 358 4365 depart.
380 4299 414 4350 do
434 4296 534 4352 l'Eure.
609 4297 636 4369 3)
653 4296 737 4370 Roya
758 4315 773 4350 a
792 4297 959 4352 Montdidier
978 4300 1011 4352 ad
1031 4301 1127 4356 orient.
