3002 4790
247 507 252 516 p
320 381 630 492 'cunonrcon
658 417 971 494 HANONOENSE.
1133 417 1211 497 roe·

110 620 270 693 marcha
292 627 485 717 terrarum
517 642 672 692 suarum
700 619 891 718 complere
918 619 1149 720 pepigeram·
1171 631 1299 698 etitaai

110 732 255 794 terram
276 719 421 793 comitis
440 719 709 794 Namurccnsis
727 720 884 796 liberam
905 721 1104 817 dimittere⁷
1131 721 1208 795 die-

111 827 184 897 bus
200 820 400 921 superbiis
416 820 541 894 comiti
556 820 789 895 llanoniensi
803 822 1014 895 constitutis
1033 820 1149 896 tribus
1169 822 1205 895 in
1298 858 1300 864 ¹

110 920 432 1022 quadragesimali
457 931 647 1020 tempore,
669 921 859 997 interesse
876 923 1012 1020 noluit,
1039 947 1110 996 nec
1134 933 1208 996 ter·
1261 932 1263 938 ’
1309 934 1315 942 ’

113 1047 211 1122 ram,
230 1047 343 1138 quam
358 1027 403 1097 ab
419 1022 499 1096 eius
514 1023 699 1096 avunculo
714 1023 749 1096 in
766 1023 872 1098 vadio
888 1034 1099 1121 acceperat,
1117 1021 1206 1097 libe·

111 1148 196 1199 ram
211 1125 398 1198 drmittere
410 1123 543 1220 voluit5
563 1127 660 1222 quod
675 1124 825 1222 quidem
839 1124 965 1198 comiti
975 1123 1206 1198 Hanoniensi

110 1237 195 1300 erat
208 1225 478 1300 detrimentum
498 1235 535 1298 et
554 1229 770 1323 dampnum.
805 1227 844 1298 ln
865 1226 1111 1299 Merlemonte
1131 1237 1207 1300 ete·

67 1383 70 1388 .
110 1329 191 1402 nim
217 1351 303 1401 cum
321 1326 366 1398 H.
393 1325 512 1425 ipsius
538 1326 682 1400 castelli
706 1351 932 1425 possessore
958 1337 1066 1400 erant
1088 1327 1208 1400 bomi-

109 1453 181 1502 nes
207 1429 326 1527 ipsius
352 1427 470 1524 (lucis,
502 1428 563 1525 qui
583 1437 717 1502 euntes
738 1453 758 1500 a
778 1429 948 1501 Hanunia
967 1429 1206 1526 Namurcum,

111 1540 151 1603 et
177 1555 198 1603 a
223 1531 410 1602 Namurcc
434 1530 471 1600 in
490 1530 714 1626 Hanuniam,
742 1529 907 1627 graviter
933 1531 1205 1628 opprimebant.

109 1631 215 1704 lllinc
246 1640 372 1702 autem
397 1653 515 1728 prope
543 1641 650 1702 erant
674 1630 848 1704 homines
878 1631 1024 1704 comitis
1052 1632 1206 1704 Namur·

111 1731 239 1805 censis
269 1731 305 1803 in
333 1730 562 1803 monasterio
588 1729 843 1826 floreffiensi,
870 1731 932 1827 qui
953 1732 1072 1804 eciam
1093 1731 1206 1803 comi-

108 1845 187 1906 tem
207 1831 489 1905 Hanoniensem
510 1843 547 1904 et
565 1855 654 1904 suos
674 1831 827 1928 gravius
846 1831 1083 1906 infestabant.
1129 1831 1206 1904 Sie-

107 1959 184 2033 que
203 1944 289 2033 post
308 1933 521 2031 captionem
542 1925 654 2005 castri
668 1933 938 2006 Nemurcensis
957 1956 1026 2030 per
1042 1937 1086 2007 17
1102 1956 1206 2006 men·

108 2059 175 2109 ses
203 2058 331 2107 comes
358 2033 610 2108 Hanoniensis
638 2044 804 2106 castrum
831 2034 1059 2108 Namurcum
1086 2046 1123 2106 et
1146 2057 1206 2106 ca·

92 2189 93 2198 .
108 2147 231 2209 strum
245 2133 486 2230 boviniense,
506 2135 575 2208 nisi
594 2136 632 2207 in
650 2134 790 2208 viribus
805 2134 1007 2208 multorum
1027 2135 1206 2232 equitum,

107 2235 331 2310 victualibus
347 2259 420 2306 non
436 2236 555 2334 potuit
569 2234 726 2307 munire.
759 2235 863 2308 Tunc
874 2235 1010 2334 quippe
1022 2235 1204 2333 temporis

108 2361 240 2411 comes
255 2335 508 2410 Hanoniensis
529 2337 583 2409 sic
604 2335 755 2432 mansit,
774 2333 887 2408 nichil
907 2359 1022 2434 super
1035 2337 1206 2409 ordinata

108 2449 204 2537 pace
223 2438 321 2511 inter
339 2459 381 2509 se
408 2446 445 2509 et
470 2439 604 2522 ducem
621 2436 896 2510 lovaniensem
926 2448 964 2510 et
988 2438 1205 2511 confedera-

107 2539 210 2612 tione
224 2537 373 2611 lirmata
389 2542 486 2612 bona
506 2561 679 2636 sperans,
704 2561 789 2610 cum
809 2537 1005 2612 continuos
1025 2564 1045 2612 a
1066 2537 1202 2612 comite

108 2639 362 2738 Campanensi
382 2639 542 2713 insultus
562 2649 811 2737 exspectaret.

182 2743 322 2813 Eodem
341 2751 514 2838 tempore
534 2741 864 2837 quadragesimali,
883 2740 1139 2814 Godrescaldus
1156 2743 1201 2814 de

1 2874 2 2880 ¹
107 2841 323 2938 lllorelmen,
339 2840 447 2912 miles
464 2846 617 2940 probus,
631 2840 764 2916 nobilis
780 2852 817 2913 et
831 2841 950 2938 dives,
966 2842 1028 2939 qui
1043 2866 1063 2914 a
1078 2842 1202 2915 Hauo-

106 2941 301 3016 niensibus
320 2940 522 3038 plurimum
542 2947 755 3038 amabatur,
781 2965 892 3016 cruce
910 2942 1050 3016 domini
1077 2943 1201 3041 signa-

106 3054 180 3140 tus,
200 3040 586 3139 ordinem‘hospitalis
603 3042 917 3115 lherosolimitani
937 3044 1114 3141 suscepit.

183 3143 370 3240 Tempore
402 3153 529 3215 autem
565 3142 753 3238 paschali,
789 3165 886 3215 anuo
914 3142 1061 3216 Domini
1092 3147 1276 3239 1189,Αρι.

109 3245 282 3318 dominus
305 3245 524 3317 Frederious
550 3243 835 3343 potentissimus
854 3243 1108 3316 Romanorum
1134 3244 1201 3316 im·
1213 3237 1254 3293 ¹⁵·

1 3409 2 3417 ,
108 3345 450 3445 ρεηῐοῑλΗεηνίοἰ
469 3345 570 3443 regis
591 3355 715 3444 pater7
744 3354 897 3442 accepta
925 3347 1022 3442 apud
1050 3345 1201 3442 Haghe-

1 3523 2 3526 ,
108 3471 220 3520 noam
239 3470 330 3544 pera
350 3469 435 3520 curu
459 3448 611 3547 baculo,
638 3446 710 3519 iter
727 3446 1092 3519 iherosolimitanum
1113 3447 1211 3520 arri·
1277 3493 1280 3497 ,

107 3548 205 3647 puit3
233 3547 466 3645 veniensque
491 3545 757 3620 Renesborcb¹
787 3547 989 3642 civitatem,
1016 3548 1065 3622 ibi
1094 3571 1198 3622 exer-

106 3650 219 3722 citum
244 3671 355 3722 suum
376 3671 485 3720 cruce
506 3648 694 3746 signatum
720 3650 961 3746 exspectavit.
1010 3649 1092 3737 Quo
1113 3659 1199 3722 con·

1 3755 3 3838 ξ
106 3761 264 3848 gregato
291 3760 328 3822 et
347 3753 392 3822 ad
412 3749 549 3822 milites
570 3749 718 3822 circiter
734 3751 785 3822 20
802 3750 903 3822 milia
928 3751 1094 3849 exceptis
1120 3774 1198 3824 ser·

1 3856 2 3947 j
75 3846 78 3859 '
108 3851 289 3926 vientibus
310 3862 347 3924 ct
364 3851 615 3948 burgensibus
636 3860 673 3922 et
690 3849 836 3924 clericis
857 3861 893 3924 et
911 3851 992 3924 aliis
1012 3851 1197 3949 peditibus

0 4001 1 4006 =
107 3952 332 4049 existimato,
351 3951 423 4025 iter
440 3961 613 4051 potenter
631 3975 675 4024 ac
694 3950 846 4024 viriliter
865 3952 1036 4051 arripuit,
1055 3961 1197 4024 etcum

4 4129 6 4152 ,ἵ
107 4076 151 4125 eo
166 4053 193 4126 F
195 4054 383 4128 rodericus
398 4053 496 4127 lilius
512 4056 592 4126 eius
606 4051 817 4126 Suevorum
832 4056 919 4150 dux,
931 4053 1040 4127 miles
1056 4056 1195 4152 probus

10 4208 14 4276 ζ
111 4205 133 4276 ll
153 4205 338 4279 Regeusburg.
377 4207 434 4263 cte.
454 4180 605 4264 AnnsCol.
627 4226 697 4262 mex.
718 4207 736 4263 1.
749 4227 772 4264 c.
793 4227 818 4279 p.
831 4207 898 4261 796:
916 4208 1064 4278 Imperator
1082 4213 1109 4263 iu
1124 4209 1195 4278 letto

105 4285 192 4336 arnolt
210 4279 308 4350 Georpt
326 4283 355 4352 (i.
374 4299 398 4336 e.
418 4283 483 4353 Apr.
502 4282 558 4354 23.)
577 4287 677 4338 curtum
696 4283 823 4338 celebrem
841 4282 982 4350 llottopunc
1002 4285 1098 4339 lubuit.

927 4375 965 4438 14
