3066 4788
296 359 346 433 96
708 355 987 432 Gtstsssntttt

296 561 444 636 comitis
458 559 713 634 Hanoniensis
727 558 839 655 filius,
860 581 973 631 causa
987 557 1174 630 turniandi
1189 557 1308 654 venit,
1327 562 1399 634 sed

295 663 382 761 quia
401 661 624 735 Gudefridus
649 662 725 734 dux
741 657 990 733 Lovaniensis
1016 682 1214 732 rancorem
1243 658 1277 732 ei
1302 658 1399 734 infe·

295 768 422 860 rebat,
456 761 559 835 utin
587 771 825 834 tornamento
853 759 1024 834 securior
1051 769 1175 851 esset,
1210 763 1399 858 quosdam

296 863 507 937 servientes
527 861 672 961 pedites
691 885 824 935 secum
842 860 984 958 habuit,
1012 859 1160 933 circiter
1185 859 1255 933 tria
1281 860 1399 935 milia.

295 964 520 1038 Godefridus
539 973 667 1036 autem
686 966 759 1036 dux
777 960 1025 1035 Lovaniensis
1049 984 1134 1033 cnm
1154 959 1282 1037 multis
1302 961 1399 1033 mili-

295 1064 392 1139 tibus
421 1087 681 1162 quoscumque
706 1064 845 1137 habere
871 1062 1009 1162 potnit,
1041 1071 1080 1134 et
1110 1086 1194 1134 curn
1227 1062 1398 1136 exercitu

294 1167 490 1238 hominurn
517 1176 768 1260 armatorum,
796 1163 944 1237 circiter
968 1161 1121 1260 triginta
1145 1161 1260 1259 milia,
1286 1163 1399 1260 quasi

168 1350 172 1358 ,
295 1269 340 1338 ad
362 1266 507 1346 bellurn,
517 1265 629 1338 venit.
657 1263 862 1338 balduinus
882 1273 1009 1337 autem
1028 1273 1066 1336 et
1085 1263 1156 1359 sui,
1175 1273 1217 1336 ut
1232 1261 1358 1336 haiam
1368 1262 1397 1360 ¹,
1492 1263 1494 1272 ’

183 1880 279 1936 ·t.2·t¹.

295 1391 368 1464 que
397 1370 442 1440 de
468 1363 694 1440 Carnieres²
720 1365 925 1459 dicebatur,
949 1363 1193 1462 transierunt,
1221 1364 1396 1438 videntes
1494 1395 1495 1398 ¹

294 1466 399 1540 ducis
425 1468 524 1540 vires
553 1463 702 1561 nimiae,
728 1465 761 1540 si
781 1466 996 1564 potuissent
1018 1463 1127 1538 citius
1153 1465 1396 1538 retrocessis·
1495 1515 1498 1519 -

293 1577 390 1640 sent.
424 1567 499 1642 Sed
515 1565 602 1664 quia
621 1565 769 1641 difficile
789 1577 871 1640 erat
889 1590 1024 1639 nemus
1039 1565 1127 1638 illud
1142 1569 1285 1663 absque
1299 1567 1398 1638 mul-

292 1679 417 1740 torum
437 1669 632 1741 hominurn
652 1665 860 1766 perditione
878 1665 1053 1764 transire,
1081 1665 1152 1764 ipsi
1181 1676 1310 1739 contra
1329 1669 1396 1740 du·

293 1793 376 1842 cem
396 1772 449 1842 ad·
461 1770 601 1843 bellum
621 1792 664 1842 se
680 1779 989 1867 preparaverunt.
1015 1768 1123 1852 Duce
1134 1766 1248 1864 igitur
1262 1777 1299 1840 et
1314 1766 1394 1840 suis
1517 1852 1518 1868 ,

291 1869 329 1941 in
349 1870 489 1943 malum
510 1869 681 1941 balduini
700 1879 737 1942 et
755 1892 911 1942 suorum
931 1867 1208 1965 festinantibus,
1226 1868 1394 1941 'Baldui-

291 1995 377 2067 nus,
392 1970 514 2042 vivido
530 1961 727 2067 assumpto
742 1969 883 2063 animo,
897 1971 943 2042 ab
959 1991 1056 2064 equo
1071 1968 1396 2066 descenditsuper
1516 1999 1520 2106 p

291 2094 520 2169 aquamque
540 2067 787 2142 Pietencials³
806 2067 949 2162 dicitur,
976 2076 1017 2139 ut
1036 2067 1093 2140 sui
1113 2069 1284 2142 videntes
1304 2093 1396 2142 eum

290 2171 456 2269 peditem
485 2195 559 2242 nnn
587 2170 857 2268 relinquerent,
882 2171 949 2242 sed
976 2192 1063 2240 cum
1082 2192 1127 2242 eo
1147 2180 1224 2242 tam
1245 2170 1391 2268 equites

290 2297 402 2369 quam
422 2271 567 2370 pedites
584 2272 630 2343 ad
645 2272 786 2344 bellum
799 2271 1068 2344 animarentur.
1102 2269 1196 2342 Duci
1211 2281 1337 2344 autem
1354 2282 1393 2343 et

290 2373 369 2445 suis
398 2397 483 2444 cum
512 2373 689 2469 superbia
716 2382 753 2445 et
780 2371 972 2444 ferocitate
1000 2369 1287 2445 advenientibus
1305 2371 1390 2444 Bal-

289 2471 425 2545 duinus
446 2495 532 2543 cum
552 2471 631 2543 suis
650 2470 807 2544 viriliter
830 2469 1029 2566 resistens,
1055 2471 1154 2566 illos,
1180 2473 1260 2544 Deo
1289 2471 1391 2546 auxi·

288 2571 417 2670 liante,
445 2569 595 2666 devicit,
623 2581 660 2643 et
686 2595 751 2644 eos
775 2570 812 2642 in
831 2571 960 2668 fugam
981 2582 1222 2670 convertens,
1249 2573 1389 2646 multos

290 2672 401 2770 cepit,
428 2671 643 2768 multosque
668 2671 706 2744 in
730 2670 870 2746 viribus
899 2695 1053 2745 suornm
1079 2696 1287 2771 paucorum
1305 2698 1391 2772 per-

290 2773 391 2845 emit.
436 2773 659 2846 Occisornm
686 2782 814 2844 autem
843 2775 889 2844 de
918 2773 1083 2849 exercitu
1109 2774 1213 2848 ducis
1238 2775 1391 2848 luerunt

289 2873 437 2945 circiter
456 2875 528 2945 duo
549 2870 663 2968 milia,
682 2872 916 2970 captivorum
933 2882 1063 2946 autem
1078 2874 1228 2947 luerunt
1243 2875 1390 2949 circiter

238 3004 244 3016 ·
289 2997 357 3048 sex
384 2973 497 3046 milia.
541 2972 597 3045 De
625 2972 838 3046 hominibus
867 2997 957 3046 vero
976 2974 1146 3046 Balduini
1166 2976 1274 3074 quasi
1297 2976 1390 3049 nulli

195 3487 275 3541 llil.

226 3561 274 3615 tut.

289 3074 403 3150 occisi
422 3075 482 3148 vel
503 3073 602 3173 capti
621 3074 781 3148 luerunt.
827 3073 909 3162 Quo
934 3074 1085 3172 quidem
1109 3076 1264 3151 victoria
1290 3078 1388 3174 patri

288 3177 369 3249 eius
386 3175 569 3250 balduino
599 3175 726 3248 comiti
754 3186 791 3248 et
808 3175 1113 3250 Hanoniensibus
1141 3179 1322 3275 gaudium
1350 3188 1389 3251 et

288 3280 529 3348 commodum
548 3276 719 3372 protulit3
746 3275 830 3349 duci
850 3286 977 3350 autem
995 3276 1223 3352 Lovani'ensi
1243 3289 1281 3352 et
1298 3279 1388 3351 Bra-

285 3376 447 3448 bantinis
468 3377 637 3448 dolorem
657 3386 696 3448 et
714 3377 920 3473 dampnum
939 3377 1071 3452 intulit.

362 3475 553 3572 Sequente
565 3475 1086 3574 annoDomini1171,mense
1097 3479 1201 3577 lulio,
1212 3481 1386 3577 Margha-

285 3586 379 3671 reta,
408 3575 576 3649 balduini
605 3601 710 3671 uxor,
734 3575 852 3650 filium
870 3579 1018 3677 peperit
1035 3579 1275 3678 ValenceniS,
1301 3581 1386 3654 Bal-

285 3677 439 3751 duinum
459 3676 614 3774 scilicet,
642 3677 704 3776 qui
722 3688 811 3776 pust
827 3691 975 3778 patrem
995 3691 1032 3754 et
1050 3691 1211 3754 matrem
1232 3682 1386 3756 comita-

285 3777 825 3853 tumFlandrieetcumitatum
836 3781 1119 3855 Hanoniensem
1131 3782 1262 3857 tenuit.
1290 3785 1385 3856 Mar-

284 3883 444 3978 ghareta
463 3890 589 3953 autem
608 3891 677 3977 pru
696 3890 805 3978 partu
824 3881 862 3953 in
877 3882 1101 3956 Valencenis
1121 3881 1283 3980 iacente,
1302 3885 1385 3982 ipsa

284 3981 371 4055 villa
390 3981 685 4054 Vale'ncenensis
712 3983 861 4080 proprio
890 3983 978 4080 igne
998 3995 1240 4059 concremata
1259 3987 1327 4058 fuit
1345 3984 1383 4058 in

288 4133 313 4204 1)
331 4137 391 4188 daie
409 4137 514 4207 gallice.
607 4135 633 4204 2)
656 4134 798 4192 Cernidres
818 4137 844 4192 in
869 4136 973 4208 Belgis,
1000 4153 1052 4192 arr.
1073 4141 1105 4192 de
1127 4137 1284 4210 Charleroy,
1311 4148 1383 4196 caut.

285 4209 320 4260 de
338 4205 451 4264 Binche.
525 4210 551 4281 3)
570 4209 668 4265 Picton
687 4211 748 4266 fluv.
