840 1271
185 139 210 157 ⁴16
388 136 529 155 GISLEBERTI

185 188 267 207 sionibus
275 188 342 206 debent
351 187 448 206 interesse.
465 187 486 205 In
494 190 575 216 quatuor
581 186 649 206 natalis
657 186 732 206 Domini

185 214 249 232 diebus
263 216 281 231 et
293 213 311 231 in
324 213 466 231 circumcisione
479 215 498 231 et
510 212 528 230 in
541 213 647 237 epyphania
656 213 732 231 Domini

185 242 203 257 et
215 239 233 256 in
243 238 381 266 purificatione
385 239 439 256 beate
449 238 507 256 Max-ie
517 240 536 256 et
547 238 565 256 in
576 238 646 262 pascha
656 238 731 256 Domini

185 266 264 288 quatuor
274 263 339 282 diebus
349 266 367 282 et
377 263 395 281 in
405 263 515 281 ascensione
525 263 600 281 Domini
610 266 629 281 et
638 263 656 281 in
668 266 732 292 pente-

185 291 249 307 costen
257 291 346 317 quatuor
344 287 418 306 diebus
418 291 438 307 et
446 288 464 306 111
473 288 602 317 assumptione
609 291 628 307 et
635 288 732 307 nativitate

185 316 238 333 beate
246 314 304 332 Marie
314 316 333 332 et
341 313 360 331 in
370 314 418 332 festo
426 313 511 331 omnium
520 316 629 331 sanctorum
639 316 657 332 et
667 313 685 331 in
695 313 732 332 die-

185 341 218 357 bus
229 339 301 357 festivis
313 340 367 357 beate
376 339 502 357 Waldetrudis
512 341 531 357 et
539 339 661 357 dedicationis
672 339 732 357 eccle-

185 365 211 383 sie
225 365 279 383 beate
288 364 413 382 Waldetrudis
427 364 445 382 in
459 363 525 382 divinis
537 364 615 388 officiis7
629 364 702 382 scilicet
713 364 732 382 in

186 389 277 414 vesperis,
294 389 391 407 matutinis
403 391 422 407 et
431 395 500 413 magna
514 389 581 413 missa⁷
598 389 633 414 ipsi
647 389 732 407 canonici

185 414 248 433 Sancti
253 414 342 433 Germani
350 420 393 432 eum
400 414 526 432 canonicabus
533 417 622 433 tenentur
628 414 731 438 deservire3

185 441 202 458 in
210 446 256 458 cena
264 439 338 457 Domini
347 442 365 458 et
372 445 475 464 parasceue
483 442 502 457 et
508 439 571 464 vigilia
581 440 651 464 pasche
661 442 680 458 et
686 439 731 464 vigi-

185 466 209 483 lia
217 467 338 489 pentecostes
348 464 410 482 missis
420 465 489 483 dehent
497 464 594 483 interesse.

221 490 323 508 Sciendum
335 492 399 508 autem
411 490 460 514 quod
470 490 555 508 canonici
566 489 630 508 Sancti
641 490 731 508 Germani

185 516 253 533 habent
267 521 342 539 quoquo
356 521 404 533 anno
419 521 430 533 a
443 515 515 533 maiore
528 515 609 533 ecclesia
623 516 646 533 10
658 515 731 533 modios

185 546 242 559 avene
255 543 274 558 et
283 543 363 564 quatuor
376 540 449 558 modios
462 540 569 564 yvernagii¹
583 546 617 565 pro
627 540 685 558 missa
695 546 731 564 que

185 571 257 590 quaqua
267 565 297 583 die
309 565 327 583 in
341 565 395 583 altari
405 567 470 583 sancte
479 565 605 583 Waldetrudis
619 566 730 589 celebratur⁷

184 590 255 609 scilicet
272 590 290 608 in
309 590 409 615 posteriori
425 590 479 608 altari
494 590 543 614 quod
557 590 632 614 quidem
646 590 731 619 Adcaput

184 615 255 634 dicitur.
278 615 367 633 Omnium
376 622 439 634 rerum
450 622 486 640 que
495 616 550 633 beate
559 615 674 634 Waldetrudi
685 616 731 634 offe-

150 646 155 658 :
161 649 178 658 μ.
185 648 193 658 1
195 643 250 659 untur
257 641 286 659 vel
296 641 369 668 dantur
379 640 460 658 Sanctus
468 640 574 658 Germanus
581 641 658 659 terciam
668 641 731 659 'habet

186 668 263 690 partem7
274 665 356 690 exceptis
364 655 382 683 in
390 665 470 693 mappis,
479 665 498 683 in
505 668 556 684 terra
563 668 581 684 et
588 672 634 684 auro
642 668 660 684 et
668 672 730 690 panno

184 691 249 709 serico.
275 691 289 708 Ε
304 693 369 709 contra
382 696 466 708 omnium
478 696 542 708 rerum
556 697 592 715 que
605 691 675 709 Sancto
685 691 731 709 Ger-

185 723 239 734 mano
252 716 375 734 elemosinam
388 715 461 740 dantur⁷
475 715 531 734 habet
540 716 594 734 beata
604 716 730 734 Waldetrudis

185 742 229 759 duas
239 744 309 765 partes,
323 741 406 765 exceptis
416 730 502 759 similiter
511 743 570 765 terra7
584 747 630 759 auro
640 743 659 759 et
667 747 730 765 panno

185 766 249 784 serico.
277 766 344 784 Omnia
358 772 394 790 que
404 765 422 783 in
432 765 521 784 altaribus
531 766 607 784 maioris
620 766 729 784 monasterii

185 792 297 815 offeruntur,
311 791 327 809 si
341 791 364 809 ad
377 797 453 809 manum
467 791 570 810 sacerdotis
583 791 617 809 sub
631 792 680 810 stola
692 797 730 809 non

185 816 273 840 venerint,
284 816 319 834 hoc
327 816 402 840 quidem
412 816 435 834 ad
444 816 562 841 prepositum
568 816 632 835 Sancti
640 816 729 835 Germani

185 842 272 866 pertinet,
286 842 348 860 sinon
358 841 414 859 fuerit
427 844 476 859 terra
490 842 520 860 vet
534 848 601 859 aurum
613 842 643 859 vel
656 847 730 865 pannus

184 867 260 885 sericus.
275 867 296 885 In
303 866 390 884 omnibus
397 866 439 884 aliis
448 866 568 885 monasteriis
575 866 619 884 ville
626 866 730 885 Montensis

184 895 202 910 ot
212 892 289 916 capellis
299 890 367 915 siquid
381 891 399 910 in
411 892 500 910 altaribus
508 891 592 909 oblatum
602 892 664 916 fuerit,
678 894 697 910 et
706 892 729 910 ad

184 923 260 935 inanum
269 917 372 935 sacerdotis
381 917 415 935 sub
426 917 474 935 stola
484 922 521 935 non
531 917 624 941 venerint7
638 917 660 935 ad
668 919 730 935 custo-

183 943 225 960 dem
235 942 288 960 beate
297 942 423 960 Waldetrudis
433 942 532 966 pertinent,
542 942 557 960 si
568 949 605 960 non
614 942 670 960 fuerit
679 945 730 960 terra

184 968 212 986 vel
222 974 287 985 aurum
298 968 327 986 vel
337 974 409 992 pannus
419 967 496 986 sericus.
512 968 533 985 In
543 968 630 985 omnihus
639 967 681 985 aliis
691 973 730 985 mo-

184 992 269 1011 nasteriis
278 992 322 1011 ville
331 993 434 1011 Montensis
444 995 462 1011 et
472 992 549 1017 capellis
559 993 574 1010 si
584 992 627 1021 quid
639 992 658 1010 in
667 992 730 1010 altari-

183 1019 217 1035 bus
227 1018 310 1036 oblatum
319 1018 376 1036 fuerit
385 1020 404 1036 et
413 1018 435 1035 ad
446 1024 512 1035 manus
522 1017 626 1036 sacerdotis
635 1018 669 1035 sub
680 1018 729 1036 stola

183 1049 219 1060 non
230 1043 308 1066 venerit,
318 1043 353 1061 hoc
364 1043 439 1071 quidem
449 1042 471 1060 ad
484 1043 601 1067 prepositum
610 1042 674 1061 Sancti
684 1043 729 1061 Ger-

184 1068 232 1086 mani
246 1068 333 1093 pertinet
347 1068 361 1086 si
373 1067 434 1086 eciam
445 1068 500 1086 suerit
514 1070 564 1086 terra
576 1068 606 1086 vel
620 1074 686 1086 aurum
699 1068 729 1086 vel

184 1100 196 1117 1)
206 1100 248 1114 (huis
257 1100 340 1116 tammam
350 1100 413 1118 pabutum
423 1099 500 1115 hibernum
