3002 4790
291 363 481 439 CHARTA
508 362 640 470 racis
670 359 1059 454 vALaNcaNattsts.
1148 364 1224 438 305

113 565 185 626 eius
219 564 409 638 adversarii,
441 565 547 624 dicere
582 562 698 624 vellent
730 563 815 644 quud
851 560 987 623 sedecim
1022 570 1076 623 aut
1104 561 1212 641 plures

112 649 251 710 haberet
270 667 379 720 annos,
403 654 528 728 oportet
550 656 632 719 tunc,
655 647 739 726 quod
758 647 820 709 duo
837 646 972 726 proximi
988 646 1213 726 consanguinei

112 733 220 793 iurent
236 731 426 807 solemniter,
450 731 535 814 qnod
558 730 656 793 dictus
679 729 783 790 infans
803 729 959 792 decimum
984 729 1124 811 quintum
1149 748 1211 790 an-

114 836 190 876 num
215 837 277 878 non
303 815 535 896 pertransierit;
563 826 592 876 et
621 814 666 876 sic
696 815 895 888 liberabitur,
914 814 971 874 'sin
996 813 1100 887 aliter,
1132 832 1213 874 con-

95 917 96 922 *
114 901 347 980 dernpnabi'tnr.
764 923 769 936 ·

144 1033 146 1038 .
200 985 230 1044 Si
253 985 322 1066 quis
345 989 375 1043 in
399 1002 476 1063 pace
499 983 634 1044 existens
657 981 884 1063 querimoniam
908 980 1019 1047 fecerit
1042 981 1081 1042 de
1104 980 1212 1062 aliquo

114 1069 191 1142 alio,
214 1069 300 1150 quod
324 1086 431 1148 pacem
454 1067 626 1148 infregerit,
649 1067 851 1147 postmodum
869 1063 968 1127 dictus
985 1062 1212 1145 querimoniam

113 1153 235 1214 iaciens
259 1153 369 1212 dolore
392 1160 446 1213 aut
468 1153 574 1232 aliquo
602 1161 687 1212 motu
710 1151 821 1212 ductus
843 1148 966 1210 siluerit
995 1158 1026 1210 et
1048 1151 1212 1229 querimo-

114 1236 200 1298 niam
218 1234 371 1316 consequi
393 1236 542 1305 renuerit,
564 1234 590 1296 si
612 1242 718 1313 posset
734 1233 876 1296 convinci
894 1252 951 1313 per
967 1233 1047 1294 duos
1062 1239 1158 1294 testes
1174 1232 1213 1310 de

113 1339 193 1399 paco
210 1319 290 1392 ville,
312 1319 396 1400 quorl
413 1319 492 1380 alias
510 1329 701 1397 conquestus
725 1317 772 1379 est
795 1326 826 1378 et
849 1335 910 1377 non
934 1324 981 1377 est
1003 1325 1213 1398 prosequutus

114 1402 342 1483 querimoniam
372 1422 478 1475 suam,
510 1403 667 1464 taxabitur
697 1405 750 1463 tali
785 1401 853 1481 lego
887 1400 972 1481 quali
1002 1401 1056 1461 ille
1085 1406 1211 1462 taxatus

112 1489 241 1557 fuisset,
264 1487 303 1546 de
326 1504 388 1568 quo
412 1488 680 1567 conquerebatur,
704 1485 731 1546 si
753 1485 913 1546 convictus
937 1484 1055 1546 luisset.

200 1571 230 1630 Si
260 1571 306 1630 vir
334 1573 595 1650 approximatusl
630 1571 724 1630 fuerit
756 1573 795 1630 ab
825 1568 950 1649 aliquo,
986 1569 1070 1650 quod
1103 1586 1212 1647 pacem

113 1655 276 1733 infregerit
298 1649 351 1714 aot
375 1654 547 1721 violaverit,
570 1662 600 1713 et
622 1654 675 1714 illo
699 1655 739 1714 ad
763 1654 877 1732 placita
900 1653 1112 1731 comparuerit
1135 1652 1214 1711 rad-

6 1793 8 1798 .
116 1739 223 1798 dendo
245 1736 438 1799 cathecium²
460 1735 546 1798 iuxta
573 1736 690 1817 legem,
723 1739 792 1815 ipse
820 1737 914 1796 debet
944 1735 1020 1796 darc
1051 1733 1211 1795 sufficiens

6 1843 7 1846 ¹
114 1822 242 1882 vadium
267 1828 321 1882 aut
342 1819 501 1882 sufficiens
525 1821 779 1902 respondendum
803 1820 846 1894 de,
866 1819 986 1893 legibus
1009 1827 1040 1879 et
1055 1817 1212 1892 catheci03

115 1905 186 1966 etsi
203 1905 303 1983 legem
320 1905 460 1984 recipiat,
483 1903 576 1965 iaciat
593 1903 690 1964 etiam'
704 1905 880 1964 cautionem
906 1902 944 1963 de
956 1902 1213 1981 'prosequutionc

113 1989 209 2068 logis:
240 1989 316 2049 etsi
346 2008 407 2050 non
437 1988 497 2047 boc
520 1987 629 2049 lecerit
653 1997 683 2056 et
705 1988 778 2048 velit
807 1985 923 2048 abhinc
953 1986 1121 2058 recedere,
1156 1985 1212 2047 viri

117 2073 203 2152 pacis
234 2079 381 2150 poterunt
410 2071 511 2151 ipsu-m
541 2073 690 2144 retinere,
723 2071 790 2132 sine
824 2089 1013 2152 quocunque
1046 2069 1211 2143 forefacto,

6 2149 12 2160 '
115 2175 214 2238 usque
238 2157 310 2216 dum
335 2155 547 2235 compleverit,
571 2157 655 2235 quod
679 2155 823 2233 superius
847 2153 961 2214 dictum
984 2163 1040 2214 est.

199 2237 414 2320 Quodcunque
430 2237 578 2299 iudicium
596 2239 753 2300 sexdecim
773 2239 864 2299 ivitati
886 2238 971 2317 pacis
991 2237 1131 2310 iecerint,
1156 2237 1214 2310 erit

5 2337 6 2364 ³
115 2323 240 2384 firmum
263 2332 358 2405 atque
382 2323 506 2386 stabile.

200 2405 230 2466 Si
255 2406 324 2486 quis
345 2405 425 2467 inira
450 2405 644 2485 procinctum
668 2403 943 2465 Valencianenscm
969 2425 1037 2466 cunr
1062 2404 1212 2480 iumento,

114 2512 197 2571 equo
221 2500 274 2551 aut
296 2490 385 2551 asino
413 2509 470 2570 per
496 2489 589 2550 blada
614 2488 773 2550 transierit
800 2507 818 2549 a
847 2496 1004 2568 tempore,
1035 2508 1098 2570 quo
1126 2489 1213 2569 spice

115 2577 363 2655 comparuerint,
393 2583 447 2635 aut
473 2573 595 2634 duxerit
624 2574 739 2652 boves,
764 2575 854 2646 oves,
883 2571 990 2633 asinos
1018 2581 1073 2633 aut
1103 2573 1213 2634 consi-

114 2659 198 2735 milia
228 2657 392 2729 animalia,
423 2664 454 2718 et
486 2677 541 2736 per
569 2656 648 2717 duos
679 2664 772 2718 testes
802 2656 891 2736 pacis
914 2655 1079 2717 convictus
1109 2656 1211 2729 luerit,

5 2721 8 2798 i
116 2741 155 2810 ad
179 2752 240 2801 tres
263 2741 383 2802 solidos
406 2739 611 2810 iudicabitur,
635 2740 809 2818 dequibus
833 2740 1039 2800 cancellarius
1063 2739 1149 2818 pacis
1174 2740 1212 2803 12

116 2823 263 2884 denarios
279 2822 409 2902 recipiet
424 2830 456 2882 et
471 2821 691 2883 damnificatus
705 2822 736 2880 in
750 2823 874 2884 duobus
891 2821 1001 2884 solidis
1017 2823 1212 2898 restituetur3

5 2915 31 2938 '·
115 2907 186 2970 etsi
211 2907 313 2967 solum
331 2925 386 2986 per
408 2905 551 2968 clientenr
576 2925 758 2985 camporum
782 2913 954 2977 accusetur,
977 2913 1104 2986 oportet
1125 2907 1211 2986 quod

5 3011 22 3062 r·
117 3011 173 3072 per
195 2991 403 3051 iuramentum
425 2998 590 3069 purgetur,
619 3000 672 3049 aut
694 2999 757 3049 tres
780 2989 879 3050 dictos
900 2989 1020 3050 solidos
1042 2993 1211 3070 persolvet.

5 3089 7 3148 ζ
44 3121 47 3130 .
197 3075 227 3135 Si
251 3074 319 3156 quis
349 3073 389 3132 de
419 3081 510 3132 nocte
539 3071 703 3133 ialcavorit
732 3070 860 3132 alterius
882 3070 985 3142 blada,
1016 3091 1135 3133 avenas
1157 3086 1212 3136 out

5 3161 7 3174 ‘
116 3158 289 3220 consimilia
313 3159 405 3223 borea,
428 3164 483 3218 aut
506 3155 633 3236 depasci
649 3156 746 3216 iaciat
762 3174 818 3234 per
834 3154 980 3216 animalia
1003 3155 1132 3236 propria
1157 3168 1212 3217 aut

116 3243 214 3304 secari
238 3241 479 3324 quoquomodo;
501 3241 527 3302 si
551 3260 606 3319 per
622 3239 701 3300 duos
718 3247 814 3300 testes
832 3240 918 3318 pacis
934 3239 1075 3301 convinci
1099 3240 1210 3320 possit,

7 3369 12 3380 .
114 3327 182 3406 ipse
218 3327 394 3405 corrigetur
431 3335 589 3406 tamquam
617 3322 697 3384 latro
728 3324 768 3384 dc
800 3324 837 3386 14
868 3321 993 3399 solidis,
1030 3323 1069 3384 du
1096 3323 1210 3402 quibus

5 3441 6 3492 3
116 3409 332 3472 damnificatus
356 3408 487 3470 habebit
509 3426 563 3469 sex
586 3407 706 3469 solidos
730 3417 759 3466 et
783 3407 916 3467 domnus
932 3424 1038 3468 comes
1058 3427 1112 3468 sex
1127 3405 1212 3468 soli-

5 3501 7 3566 }
119 3495 174 3554 dos
191 3503 221 3554 et
237 3493 446 3554 cancellarius
471 3491 555 3572 pacis
579 3492 658 3553 duos
681 3489 815 3576 solidos3
839 3501 871 3552 et
886 3490 911 3550 si
927 3509 989 3550 non
1013 3492 1111 3570 possit
1127 3511 1210 3553 cou-

5 3627 7 3636 ,
67 3627 69 3630 .
116 3577 196 3638 vinci
218 3597 274 3656 per
295 3584 390 3638 testes
413 3596 451 3657 en
474 3594 537 3656 quo
553 3575 687 3638 babetur
701 3573 849 3656 suspicio,
872 3583 925 3635 aut
947 3576 1132 3654 purgabitur
1154 3595 1210 3656 per

51 3675 53 3679 ·
116 3661 255 3724 solemne
277 3661 498 3730 iuramentum,
522 3669 575 3719 aut
598 3659 696 3721 dictos
721 3661 760 3723 14
782 3657 901 3720 solidos
924 3659 1091 3737 persolvet.
1195 3685 1199 3694 ’

199 3743 230 3804 Si
253 3742 366 3826 uliquis
388 3744 419 3804 iu
447 3744 606 3824 precinctu
635 3741 871 3804 Valencianensi
899 3741 980 3803 viam
1011 3761 1208 3804 communem

117 3836 166 3890 aut
189 3829 331 3888 semitam
348 3827 423 3889 alias
441 3836 624 3888 cousuetam
641 3828 776 3892 dimittat
798 3835 827 3889 et
849 3825 1024 3888 volontarie
1043 3845 1100 3905 per
1114 3824 1208 3887 blada

5 3939 7 3962 ε
117 3913 217 3974 aliena
241 3930 353 3973 novam
376 3909 470 3972 iaciat
488 3911 704 3972 inconsuetam
728 3911 889 3985 semitam;
917 3909 943 3970 si
965 3909 1027 3970 boc
1051 3930 1106 3990 per
1129 3910 1209 3970 duos

119 4031 142 4100 l)
160 4031 179 4084 i.
193 4049 217 4085 e.
238 4035 271 4086 od
291 4031 420 4086 iudicium
442 4035 667 4102 appropinquans,
687 4031 792 4085 citatus.
866 4030 893 4100 2)
912 4031 930 4083 i.
946 4047 970 4083 o.
990 4029 1099 4101 pignus;
1120 4029 1208 4084 versio

5 4101 6 4138 ἶ
113 4102 309 4176 Francogullica
330 4103 492 4159 lacobin.
518 4123 545 4174 p.
563 4105 618 4156 275
643 4107 682 4158 ric
711 4103 817 4158 exhibet
841 4103 945 4157 lucum:
976 4119 1008 4158 ert
1033 4105 1147 4158 rendunt
1170 4104 1210 4158 lea

5 4195 7 4216 τ
113 4178 203 4230 urrbes
226 4182 332 4233 rroocut
355 4181 381 4234 lo
407 4180 456 4249 lot,
484 4180 505 4232 tt
522 4181 605 4233 deoru
625 4181 726 4233 donner
745 4183 851 4232 centron
877 4183 903 4231 ct
924 4179 1048 4245 puruutic
1067 4174 1207 4245 suffisoutc

5 4257 6 4280 t
112 4266 174 4318 pour
195 4251 325 4306 tumendo
344 4259 371 4306 et
388 4254 427 4306 tes
446 4252 553 4318 umbem
573 4257 601 4306 ct
617 4250 661 4306 r’it
676 4255 761 4320 recoit
779 4252 921 4320 l'umeudc,
940 4253 961 4304 it
978 4251 1099 4306 munero
1117 4251 1210 4318 dpute-

5 4345 6 4348 ¹
113 4327 180 4377 ruent
198 4328 305 4378 eutition
320 4341 389 4394 pour
407 4327 434 4380 la
449 4329 587 4393 poursuitc
608 4327 641 4380 de
660 4325 801 4380 t'umeude.

931 4414 972 4478 20
