3118 4786
308 399 380 476 tut
563 399 583 409 ”
609 421 613 431 ·
715 397 996 474 Gffitcuuxtt

215 609 296 674 stat.
305 603 412 676 berto
426 589 655 696 norninepod
669 601 848 676 comitem
858 600 1144 676 Bononiensem
1159 601 1279 698 renit3
1291 623 1415 698 quom

307 723 439 776 comes
453 699 709 776 llononiensis
729 700 1025 776 commilitonem
1044 700 1114 776 sibl
1130 699 1297 799 retinuit,
1314 712 1352 776 ct
1368 702 1415 776 in

254 814 257 822 '
305 802 391 901 ipso
422 826 521 874 anno
554 801 588 874 ei
620 824 777 876 uxorem
809 803 911 876 dedit
940 802 1265 900 consanguineam
1298 827 1412 878 suam

305 905 425 977 Adam
440 902 607 999 viduam,
620 902 783 978 Eustocii
799 907 844 978 de
855 905 958 980 Rnez
970 902 1100 999 filiam,
1115 904 1219 1002 prius
1228 903 1412 999 Niclroloy

308 1006 354 1078 de
373 1003 559 1099 Eculeus,
585 1014 719 1102 posteo
737 1005 926 1102 Drogonis
952 1008 998 1078 de
1023 1005 1148 1080 Boulis
1172 1028 1345 1100 uxorem,
1370 1015 1414 1080 el

308 1105 430 1180 eidem
447 1105 636 1178 Gossuino
656 1129 787 1180 comes
801 1105 1055 1181 Hanoniensis
1137 1106 1290 1182 libratos
1307 1116 1414 1182 terre

307 1207 345 1279 in
374 1205 461 1280 villa
479 1205 643 1280 Kerinen
663 1231 783 1306 prope
800 1208 1037 1280 valencenas
1056 1206 1094 1280 in
1112 1207 1222 1282 feodo
1242 1206 1331 1305 ligio
1350 1231 1414 1280 as·

310 1307 484 1405 signavit.
531 1307 577 1380 Et
601 1307 639 1380 in
667 1310 800 1382 eodem
826 1333 925 1382 anno
943 1308 1126 1382 Bolduino
1144 1309 1285 1384 Korurn
1304 1307 1415 1382 Idam

309 1406 1415 1506 deleme,nobilissimamconsanguineumsuamviduom

309 1509 484 1582 Raieneri
502 1512 549 1582 de
566 1509 677 1582 laceo
694 1508 816 1608 primo
831 1535 1003 1607 uxorem,
1020 1511 1122 1584 dedit
1136 1535 1307 1608 uxorem,
1325 1533 1413 1608 pro-

309 1609 434 1684 bitatis
454 1609 624 1684 eiusdem
644 1611 772 1684 militis
790 1622 979 1711 respectu.

232 1713 1413 1912 tt·a„¹32¹'tlttttgltttlltll'tttlltlttntt

309 1912 428 1988 finem
454 1916 619 1986 necdum
647 1916 860 2013 cepissent,
887 1917 1037 2014 quidem
1063 1915 1172 1988 miles
1198 1915 1332 1990 nobilis
1352 1939 1415 1988 ca·

311 2015 496 2089 atellanus
525 2017 570 2086 de
597 2017 743 2090 Perona
769 2028 936 2092 castrum
955 2041 1065 2090 suurn
1083 2015 1287 2090 Brainum²
1315 2019 1414 2114 quod

312 2139 334 2188 a
354 2115 490 2190 comite
511 2118 703 2213 sepedicto
722 2117 943 2192 Flandrensi
967 2128 1005 2190 et
1021 2117 1310 2192 viromandensi
1329 2116 1413 2192 Phi·

308 2217 412 2316 lippo
431 2215 493 2290 diu
514 2241 754 2317 quocumque
772 2223 884 2294 modo
902 2229 1091 2318 tenuerat,
1108 2219 1145 2293 in
1161 2244 1296 2294 manus
1311 2217 1415 2316 regis

310 2319 540 2392 Francorum
568 2319 736 2416 tradidit,
763 2333 802 2396 et
824 2322 913 2396 illud
940 2325 986 2396 ab
1010 2322 1093 2420 ipso
1117 2344 1211 2418 rege
1237 2321 1274 2394 in
1302 2321 1415 2394 feodo

310 2419 468 2517 recepit,
483 2422 580 2516 quod
597 2422 771 2496 dominns
786 2447 853 2496 rex
868 2432 996 2496 contra
1012 2422 1159 2496 comitis
1172 2420 1418 2496 Flandrensis

312 2519 435 2592 minos
449 2519 628 2594 militibus
643 2522 812 2596 munivit.
846 2523 1085 2621 Quapropter
1099 2547 1228 2596 comes
1242 2522 1416 2602 Flandrie

314 2631 352 2694 et
369 2620 609 2694 Viromandie
628 2622 841 2722 Philippus,
868 2635 1059 2698 commoto
1081 2625 1261 2720 exercitu,
1287 2625 1415 2723 ipsum
1493 2695 1494 2698 ,

236 2739 238 2745 ⁴
314 2722 657 2798 castrum'obsedit.
690 2725 873 2798 Dominus
894 2733 1021 2798 autem
1042 2750 1107 2798 rex
1128 2729 1173 2799 ad
1189 2726 1417 2800 subvenien-

313 2826 400 2897 dum
422 2833 545 2896 castro
565 2823 635 2898 sibi
654 2849 853 2922 concesso,
876 2837 914 2900 et
934 2827 1111 2900 militibus
1130 2829 1167 2899 in
1185 2825 1416 2924 illopositis,

315 2923 521 2997 exercitum
550 2949 662 2999 suurn
689 2927 851 3026 undique
880 2937 1009 3002 contra
1038 2928 1215 3002 comitem
1242 2925 1416 3004 Flandrie

314 3027 532 3122 commovit,
559 3020 597 3100 'et
623 3027 791 3102 Bonam²
817 3029 943 3104 villam
963 3054 1080 3128 super
1099 3027 1320 3104 Surnmem³
1345 3027 1419 3102 llu-
1539 3107 1540 3118 χ

311 3128 414 3202 vium
442 3151 561 3226 propa
585 3129 839 3205 Amnianum⁴
870 3132 1060 3205 civitatem
1092 3131 1128 3204 in
1162 3131 1301 3204 viribus
1334 3130 1418 3206 suis

312 3229 428 3324 venit,
448 3239 485 3302 et
498 3229 551 3306 ibi.
563 3232 712 3306 mansit.
747 3235 907 3306 Econtra
928 3256 1059 3306 comes
1073 3231 1245 3307 Flandrie
1261 3243 1299 3306 et
1313 3232 1417 3306 Viro·

312 3329 464 3404 mandie
478 3331 672 3430 Philippus
691 3357 776 3406 cum
797 3333 963 3406 exercitu
984 3332 1087 3406 venit
1105 3358 1151 3406 ex
1171 3334 1288 3412 altero
1308 3343 1419 3431 parto

311 3429 427 3502 fluvii.
453 3431 647 3504 Exercitus
663 3433 802 3506 domini
816 3433 918 3531 regis
931 3435 1160 3508 Francorum
1174 3434 1334 3534 Philippi
1348 3432 1418 3506 luit

313 3555 383 3629 per
407 3529 723 3606 existimationem
749 3534 786 3605 in
806 3537 951 3608 duobus
970 3535 1121 3611 milibus
1141 3535 1303 3610 militum
1322 3534 1416 3608 etin

315 3634 388 3706 140
406 3630 555 3705 milibus
574 3644 652 3706 tam
672 3635 838 3732 equitum
864 3661 976 3736 quam
1001 3638 1182 3736 peditum.
1230 3636 1418 3711 Dominus

313 3732 487 3834 equidem
507 3757 573 3806 rex
593 3745 630 3808 et
649 3759 778 3811 comes
792 3737 964 3812 Flendrie
984 3763 1069 3814 cum
1089 3737 1315 3814 exercitibus
1336 3737 1423 3812 suis

310 3835 361 3910 ibi
392 3858 462 3934 per
491 3845 570 3909 tres
604 3840 832 3913 ebdomadas
864 3851 1098 3915 manserunt.
1152 3842 1291 3916 Comes
1322 3861 1415 3912 vero

310 3936 482 4010 Flundrie
502 3947 539 4010 et
556 3937 794 4013 Viromandie
816 3941 952 4016 milites
973 3942 1121 4016 circiter
1140 3944 1214 4015 400
1241 3953 1280 4016 et
1296 3938 1417 4014 homi·

314 4062 382 4111 nes
417 4048 495 4110 tam
533 4039 679 4139 equites
716 4067 828 4140 quern
868 4043 1012 4144 pedites
1049 4043 1197 4116 circiter
1231 4046 1282 4118 40
1313 4040 1415 4114 milia

313 4159 339 4268 ¹l
362 4194 463 4250 Braina
487 4197 516 4250 in
541 4196 650 4270 regione
674 4194 873 4254 Suessiononoi.
965 4199 992 4271 2)
1019 4197 1148 4270 Bonnay‚
1179 4215 1265 4270 propo
1289 4195 1415 4252 Amiano.

311 4270 339 4344 3)
359 4267 469 4324 Somrne
488 4271 551 4327 lluv.
627 4270 653 4343 4)
673 4271 797 4326 Anniana.
