3118 4786
321 409 390 480 138
582 441 593 481 ς
623 415 640 478 ,κ’
685 413 688 476 i
718 401 1031 480 Glsbaann'n·

189 637 192 642 ·
226 615 476 704 rampoterat.
508 604 716 680 Dominus
740 627 830 678 vero
857 603 1075 702 imperator,
1106 600 1253 676 nunciis
1272 601 1419 676 donuai

316 705 466 780 comitis
479 703 730 780 Hauonieusis
749 702 910 802 benigne
928 703 1174 802 respondeus,
1194 701 1323 776 comiti
1341 701 1420 776 Ha-

276 887 285 902 ,
315 805 488 882 nonieasi
516 815 557 880 ut
578 807 626 880 aad
651 828 693 880 se
711 804 749 877 in
773 803 925 904 propria
952 827 1116 902 persona
1141 802 1288 878 veniret
1310 826 1420 877 man-

225 979 229 986 .
316 905 428 982 davit.
480 905 619 980 Comes
638 915 786 1001 autern,
805 904 1012 1003 assumptis
1030 927 1161 978 secum
1177 902 1268 978 viris
1286 901 1417 1001 probis

317 1017 359 1082 et
379 1005 569 1103 discretis,
601 1004 746 1081 scilicet
768 1005 940 1102 Reynero
968 1005 1015 1078 de
1039 1005 1146 1080 lacea
1171 1014 1209 1079 et
1236 1001 1416 1078 Eustacio

317 1107 539 1182 seniorede
563 1107 665 1180 linea
693 1117 731 1181 et
757 1105 936 1180 Eustacio
958 1104 1037 1178 filio
1065 1104 1165 1201 eius,
1197 1102 1343 1177 Ostone
1367 1103 1417 1177 tle

315 1206 539 1305 Transiniis,
571 1206 753 1282 Nicholao
778 1206 823 1280 de
850 1203 1126 1301 barbencione,
1155 1206 1342 1278 Almanno
1367 1203 1416 1278 de

315 1307 443 1404 Provi,
470 1307 618 1382 Reuero
636 1307 683 1382 de
700 1306 799 1403 Tris,
826 1306 988 1405 Hugone
1006 1306 1052 1379 de
1071 1303 1196 1403 CroiS,
1223 1303 1414 1378 Gossuino

317 1409 363 1482 de
380 1408 510 1504 Tulin,
541 1408 709 1484 Waltero
728 1409 774 1481 de
793 1407 1013 1504 Stankirca‚
1043 1406 1212 1480 Iohanne
1232 1404 1414 1498 Cornuto,

316 1507 498 1581 Nicholao
518 1508 717 1603 Monacho,
746 1508 793 1580 ad
811 1507 1005 1580 dominum
1022 1510 1293 1605 imperatorem
1313 1505 1415 1604 apud

226 1621 307 1678 Maru
317 1608 588 1708 Ηεςῐιετιοειτι1
603 1608 641 1681 in
654 1609 810 1705 Alsatia,
824 1606 1011 1682 dominica
1021 1605 1416 1702 Letarelherusalem,

261 1696 385 1808 2⁷‘pur
402 1709 644 1808 Namurcum,
672 1709 734 1782 ubi
761 1709 969 1783 avunculus
994 1731 1086 1782 suns
1109 1730 1238 1781 comes
1256 1706 1415 1780 Namar-

318 1808 442 1884 censis
462 1809 609 1884 litteras
628 1809 908 1909 deprecatorias
927 1810 972 1882 ad
993 1807 1187 1882 dominum
1211 1807 1415 1906 imperato·

317 1934 398 1984 rem
413 1909 614 2006 concessit,
633 1920 672 1984 et
688 1935 756 2009 per
769 1909 938 1982 Durbui²
951 1920 991 1984 et
1003 1933 1071 2007 ρετ
1083 1907 1277 1981 Rooham³
1290 1916 1328 1980 et
1346 1930 1415 2004 ρετ

316 2009 594 2084 Lusceleborch
612 2020 649 2085 et
666 2036 735 2110 ρετ
747 2010 940 2083 Treverim
958 2020 996 2082 et
1015 2033 1082 2108 ρετ
1094 2005 1273 2084 Toleam⁴
1291 2017 1330 2081 et
1346 2029 1416 2105 per

317 2111 540 2185 Hornebac⁵
553 2154 602 2166 -
622 2111 683 2184 ubi
696 2111 866 2185 Renerus
884 2111 931 2184 de
949 2111 1058 2184 lacea
1076 2109 1133 2184 vir
1151 2107 1287 2184 nobilis
1305 2129 1415 2206 egro·

315 2210 409 2286 tavit
426 2222 475 2310 et,
494 2213 584 2286 dum
602 2236 731 2285 comes
750 2221 833 2286 erat
849 2212 887 2284 in
905 2209 1021 2308 ouria,
1040 2211 1090 2284 ibi
1108 2209 1271 2284 decessit
1288 2218 1327 2281 ct
1349 2207 1416 2282 ibi·

317 2312 401 2388 dem
420 2313 458 2385 in
477 2312 611 2386 maiori
629 2311 873 2409 monasterio,
892 2310 1037 2386 scilicet
1049 2309 1198 2385 abbatia
1212 2308 1416 2384 monacho·

317 2438 414 2510 rum,
441 2415 612 2511 sepultus
630 2413 701 2486 fuit
719 2457 768 2468 -
786 2424 825 2486 et
842 2437 910 2511 ρετ
927 2410 1096 2486 Bitthas⁶
1116 2422 1155 2485 et
1171 2435 1239 2510 per
1257 2408 1415 2484 Castra²

315 2513 504 2586 transiens
530 2512 643 2586 venit.
694 2512 878 2585 Dominus
911 2511 1119 2611 imper'btor
1149 2523 1186 2585 ct
1217 2510 1298 2587 eius
1326 2510 1413 2607 filii,

317 2612 502 2687 Henricus
525 2611 670 2685 scilicet
687 2637 771 2708 rex,
798 2614 960 2686 necdum
977 2613 1105 2709 mileS,
1133 2622 1173 2686 et
1192 2613 1220 2684 F
1222 2611 1414 2686 rodericus

219 2722 248 2777 ‘t
262 2721 306 2774 44.
317 2712 624 2811 duxSuemmm,
635 2711 827 2786 'comitem
835 2712 1117 2787 Hanoniensem
1126 2712 1288 2810 benigne
1298 2711 1416 2785 susci·

316 2813 477 2912 pientes,
488 2824 532 2890 ,et
546 2836 660 2911 super
673 2813 847 2886 omnibus
862 2813 1166 2912 possessionibus
1181 2811 1329 2887 comitis
1343 2813 1415 2887 Na·

318 2913 529 2987 murcensis
543 2913 704 3011 gratiam
720 2937 829 2986 suam
844 2913 878 2987 ei
891 2915 1154 3011 concedentes,
1173 2923 1214 2986 ut
1232 2912 1362 2987 sanius
1376 2923 1418 2986 ct

318 3013 466 3112 plenius
484 3014 594 3088 fieret
607 3013 687 3088 eius
706 3013 856 3113 peticio,
875 3013 974 3089 diem
993 3013 1063 3088 sibi
1082 3013 1368 3088 constituerunt.
1376 3012 1415 3085 in

315 3113 520 3190 festivitate
545 3121 785 3215 pentecostes
812 3117 911 3213 apud
930 3114 1188 3214 Manguntiam
1211 3113 1417 3226 civitatem²

319 3215 381 3289 ubi
394 3215 466 3316 ipsi
477 3216 618 3291 domini
632 3215 872 3314 imperatoris
886 3215 952 3288 lilii
967 3217 1054 3289 novi
1068 3215 1208 3290 milites
1218 3214 1416 3287 ordinanda

318 3327 445 3412 erunt,
478 3328 516 3391 et
546 3318 645 3414 apud
673 3315 957 3414 Ιτὶττςὴείεὴεττι8
983 3316 1150 3390 torniare
1179 3316 1217 3388 in
1247 3313 1414 3388 crastino

318 3427 452 3490 octave
482 3425 722 3514 pentecostes
754 3427 1048 3513 proposuerant,
1085 3427 1123 3490 et
1148 3440 1263 3514 super
1288 3414 1415 3513 ipsum

319 3515 498 3590 comitem
512 3541 581 3614 pro
596 3515 765 3614 ipsorum
781 3517 925 3590 honore
939 3515 1142 3614 plurimum
1157 3515 1300 3615 precati
1315 3525 1414 3588 sunt.

319 3614 429 3702 Quod
448 3615 598 3711 quidem
616 3639 746 3689 comes
765 3615 819 3688 eis
838 3615 1038 3715 diligenter
1054 3616 1254 3711 concessit,
1273 3640 1315 3690 se
1329 3640 1417 3689 ven·

317 3725 445 3788 turum
464 3727 540 3788 tarn
560 3717 606 3789 ad
625 3715 769 3789 curiam
788 3741 901 3814 quarn
921 3719 967 3790 ad
985 3727 1278 3792 tornamentum.
1309 3715 1418 3789 Redi·

316 3827 379 3890 tus
406 3817 487 3892 eius
515 3819 561 3889 ab
586 3817 797 3916 Haglrenoa
820 3818 892 3891 fuit
914 3843 982 3917 ρετ
1006 3817 1195 3892 abbatiam
1213 3816 1354 3892 Ζεεεε9
1378 3827 1419 3890 et

305 3939 345 4035 xl)
367 3963 507 4034 Hagsnsu.
583 3963 617 4035 ,2)
637 3963 760 4036 Durbuy.
780 3982 794 4017 a
816 3962 918 4019 Leodio
938 3968 972 4019 ad
993 3966 1088 4020 merid.
1172 3963 1199 4030 3)
1219 3964 1256 4018 La
1277 3964 1379 4030 Recbe,
1400 3980 1416 4017 a

317 4036 434 4108 Durbuy
453 4043 486 4092 ad
509 4038 605 4091 merid.
686 4037 713 4105 4)
731 4037 845 4108 l'boley,
865 4056 880 4091 a
902 4038 1057 4093 Birlrenlelel
1078 4039 1113 4091 ad
1133 4039 1229 4092 marist.
1310 4036 1336 4104 b)
1357 4034 1417 4090 Neu

319 4109 479 4176 Hornbucb,
499 4128 514 4164 a
532 4109 734 4181 Zweybriielrea
754 4112 788 4164 ad
809 4112 904 4165 merid.
979 4111 1006 4182 6)
1026 4111 1133 4172 bilche,
1153 4128 1168 4164 a
1189 4109 1246 4165 Neu
1267 4108 1418 4163 Horabacb

318 4186 352 4236 ad
373 4185 468 4239 merid.
551 4185 579 4256 7)
601 4182 736 4238 Blicrstal.
774 4182 851 4238 Ordo
881 4184 1001 4238 locorum
1032 4184 1168 4254 paulisper
1196 4193 1341 4255 corruptus
1367 4191 1418 4238 est.

318 4253 346 4326 8)
366 4254 523 4326 ingelheim.
598 4256 624 4326 9)
645 4253 719 4310 Sella
737 4258 771 4311 ad
785 4255 916 4312 ahenum
936 4257 964 4310 ll.
