3118 4786
309 361 379 432 152
710 355 991 429 GlSLEBERTl

217 576 433 655 narragam
461 556 690 629 Francorum
714 556 878 629 Parisios
905 580 992 629 cum
1020 556 1150 654 paucis
1177 556 1288 630 venit.
1333 557 1409 630 Ubi

305 659 404 730 facta
419 681 506 728 cum
520 657 671 730 domino
686 681 777 755 rege
792 666 922 730 contra
938 656 1116 730 comitem
1127 657 1299 730 Flandrie
1314 681 1406 729 con·

303 756 548 854 federatione⁷
569 757 654 854 quia
668 757 750 855 ipse
765 758 886 832 eciam
905 783 970 832 rex
989 757 1038 829 ibi
1058 755 1144 829 cuin
1163 758 1294 855 paucis
1309 767 1406 853 erat⁷

305 859 479 930 dominus
508 883 574 932 rex
601 858 634 932 ei
666 859 764 932 diem
798 857 991 931 constituit
1017 857 1254 955 Suessionis,
1288 868 1328 930 ut
1353 858 1407 929 ibi

305 958 434 1057 plures
461 957 649 1057 principes
671 969 708 1034 et
734 959 879 1032 nobiles
902 956 1058 1032 Francie
1090 959 1264 1053 haberet,
1296 968 1334 1031 et
1362 967 1407 1030 ut

306 1083 435 1132 comes
454 1060 706 1133 Hanoniensis
725 1060 853 1157 plures
872 1071 973 1132 terre
992 1083 1059 1132 sue
1078 1058 1179 1131 viros
1198 1060 1337 1156 probos
1366 1067 1407 1131 et

305 1159 533 1234 valentiores
553 1163 598 1234 ad
618 1160 963 1234 confederationem
981 1159 1087 1231 illam
1106 1159 1407 1232 confirmandam

307 1261 518 1334 adduceret.
571 1262 627 1333 Ad
656 1261 754 1333 diem
781 1260 888 1332 illum
916 1259 1131 1332 Suessionis
1158 1258 1405 1333 constitutum

308 1361 481 1432 dominus
518 1385 647 1434 comes
678 1360 929 1434 Hanoniensis
962 1361 1008 1433 ad
1044 1360 1238 1432 dominum
1273 1383 1406 1457 regem

307 1462 538 1534 Francorum
557 1487 643 1534 cnm
660 1464 732 1534 140
750 1461 930 1534 militibus
949 1461 994 1534 de
1013 1461 1198 1533 nobilibus
1219 1472 1256 1534 et
1275 1471 1406 1556 poten-

307 1561 464 1633 tioribus
496 1573 595 1635 terre
626 1586 694 1635 sue
726 1561 905 1661 accessit,
942 1561 1003 1634 ubi
1036 1561 1074 1633 in
1101 1561 1249 1634 abbatia
1275 1559 1404 1632 Sancti

308 1662 474 1736 Medardi
501 1666 546 1737 ab
574 1662 788 1735 hominibus
807 1661 956 1735 domini
981 1662 1081 1760 regis
1100 1687 1214 1758 super
1231 1661 1405 1733 confede-

308 1763 454 1836 ratione
486 1764 741 1837 conservanda
777 1763 965 1836 fidemet
998 1762 1209 1835 iuramenta
1245 1759 1401 1858 accepit.

309 1863 471 1936 Econtra
501 1865 673 1936 dominus
698 1889 764 1937 rex
792 1866 837 1936 ab
864 1863 1078 1936 horninibus
1107 1861 1255 1936 comitis
1280 1861 1403 1932 Hano-

308 1963 447 2036 niensis
468 1987 582 2060 super
600 1965 732 2038 eadem
751 1963 1055 2037 confederatione
1074 1964 1236 2036 tenenda
1253 1962 1346 2034 fides
1366 1971 1404 2034 et

309 2064 519 2136 iuramenta
547 2065 723 2162 suscepit.
777 2064 914 2136 Comes
933 2074 1061 2135 autem
1079 2063 1263 2158 Flandrie,
1291 2077 1404 2159 super

309 2163 366 2235 his
386 2163 501 2236 nimia
520 2189 702 2238 accensus
728 2163 802 2261 ira,
831 2188 982 2237 ornnem
1001 2189 1113 2260 quem
1131 2163 1254 2262 potuit
1271 2174 1403 2234 contra

309 2265 487 2338 comitem
502 2266 782 2338 Hanoniensem
801 2265 919 2338 movit
934 2265 1151 2360 exercitum,
1172 2273 1296 2336 certus
1311 2262 1403 2334 satis

310 2367 408 2462 quod
427 2375 515 2438 tunc
530 2366 703 2438 dominus
717 2392 783 2438 rex
797 2366 1039 2460 Francorum,
1059 2365 1307 2462 quorumdam
1322 2388 1404 2460 por-

308 2466 470 2538 fidorum
489 2467 666 2539 seductus
681 2465 850 2560 consilio7
870 2466 1015 2536 nullum
1030 2465 1157 2538 comiti
1173 2463 1405 2537 Hanoniensi

310 2565 425 2638 ferret
439 2565 631 2660 auxilium,
647 2589 732 2664 cum
747 2589 875 2638 comes
890 2565 1140 2639 Hanoniensis
1155 2565 1192 2638 in
1207 2565 1287 2638 eius
1303 2564 1406 2637 auxi-

308 2665 358 2737 lio
379 2689 487 2763 spem
505 2666 671 2739 haberet.
709 2665 846 2738 Comes
865 2665 1002 2763 quippe
1017 2665 1189 2738 Flandrie
1207 2665 1244 2737 in
1264 2665 1402 2738 auxilio

310 2789 378 2838 suo
398 2765 529 2838 habuit
545 2766 723 2838 Iacobum
742 2767 787 2838 de
806 2767 998 2862 AvethniS,
1026 2766 1173 2839 comitis
1192 2765 1406 2864 Hanonien-

311 2865 361 2936 sis
381 2865 573 2964 hominem
592 2867 648 2938 bis
667 2866 811 2963 ligium7
840 2866 902 2963 qui
922 2867 1141 2940 continuum
1159 2867 1196 2938 in
1216 2866 1404 2938 Montibus

309 2965 473 3064 stagium
501 2991 568 3064 pro
596 2978 696 3040 terra
715 2967 895 3041 Avethnis
915 2978 953 3041 ct
970 2967 1190 3040 continuum
1216 2966 1253 3038 in
1272 2967 1406 3039 Valen-

310 3067 412 3140 cenis
437 3094 504 3166 pru
533 3078 633 3142 terra
651 3067 858 3142 Brabanoie
885 3070 1053 3142 debebat.
1108 3067 1138 3139 Ο
1166 3067 1259 3140 mira
1279 3066 1405 3140 Iacobi

308 3169 495 3266 prodicio!
515 3195 601 3243 cum
617 3169 716 3243 enim
735 3169 816 3268 ipso
831 3180 1003 3267 tempore
1023 3169 1256 3266 autumpnali
1276 3191 1404 3240 comes

309 3270 560 3342 Hanoniensis
579 3270 775 3367 perfidiam
794 3271 918 3342 lacobi
942 3269 1110 3365 timeret,
1139 3279 1339 3366 antequam
1359 3268 1406 3339 ad

310 3394 486 3466 guerram
500 3380 653 3444 ventum
670 3380 782 3463 esset,
802 3369 976 3440 dominus
991 3393 1119 3442 comes
1140 3395 1185 3443 ex
1204 3369 1350 3442 astucia
1368 3378 1406 3440 et

309 3469 390 3540 iure
409 3469 516 3540 illum
535 3469 767 3540 summonuit
790 3478 829 3540 ut
848 3478 1014 3542 castrum
1028 3469 1225 3544 Montense
1245 3467 1406 3543 custodi-

311 3578 379 3664 ret,
400 3579 436 3641 et
454 3569 504 3641 ibi
525 3568 742 3642 continuum
759 3594 871 3665 quem
890 3571 1049 3643 debebat
1068 3571 1232 3668 staginm
1251 3571 1405 3642 faceret.

311 3669 413 3742 Unde
430 3669 501 3767 ipsi
520 3669 654 3742 Iacobo
671 3669 768 3743 diem
788 3671 880 3744 satis
900 3671 945 3744 ad
964 3672 1037 3744 hoc
1057 3683 1186 3769 aptum
1201 3669 1405 3767 constituit.

309 3770 467 3843 lacobus
500 3780 627 3843 autem
660 3771 718 3844 die
750 3771 953 3846 constituta
982 3773 1170 3844 Montibus
1196 3772 1316 3868 venit,
1346 3769 1407 3842 ubi

309 3872 469 3945 honesto
496 3882 585 3943 tunc
603 3871 730 3943 habito
751 3872 907 3944 consilio
925 3873 1056 3957 ¹comiti
1075 3872 1306 3946 Hanoniensi
1334 3880 1408 3942 sta·
1457 3877 1460 3882 '

199 3987 228 4040 ’1.
245 3987 299 4040 49¹.
311 3972 372 4070 gia
391 3973 429 4045 in
449 3972 588 4045 castris.
601 3972 679 4044 suis
699 3972 857 4046 *scilicet
882 3973 920 4045 in
942 3972 1130 4045 Montibus
1157 3983 1194 4046 et
1219 3972 1257 4044 in
1277 3972 1409 4044 Valen-

311 4073 413 4146 cenis
434 4074 558 4147 debita
576 4073 797 4170 recognovit
816 4099 944 4146 coram
972 4073 1123 4172 paribus
1143 4072 1221 4145 suis
1240 4073 1411 4144 Monten-

308 4175 422 4270 sibus7
443 4173 619 4247 Eustacio
635 4173 779 4248 scilicet
793 4176 838 4248 de
853 4175 966 4270 Ruez,
987 4173 1168 4248 Nicholao
1185 4175 1230 4248 de
1244 4173 1406 4244 barben·
1534 4205 1535 4266 p
