3118 4786
310 387 382 458 134
713 378 997 454 Gistnssnnrl

307 579 777 679 multislactisexpensis,
804 579 1172 678 exercitusmaguos
1191 581 1411 675 commorit,
1468 627 1474 634 -

302 683 373 757 sed
388 707 463 755 non
477 681 656 780 profecit!
683 679 714 754 0
730 680 831 754 mala
846 679 1058 754 Lembecha
1074 704 1267 778 perquam
1282 681 1409 756 lacobi

303 783 351 858 de
367 781 550 858 Avethnis
574 793 677 856 terra
704 780 742 853 in
765 780 903 854 maiori
927 790 1036 879 parte
1061 779 1186 878 predis
1213 781 1343 856 multis
1369 793 1411 856 et

243 910 246 914 ·
304 881 454 982 magnis
473 881 583 955 lactis
599 892 641 956 et
658 881 746 980 igne
761 891 908 958 vastata
925 881 1003 955 est!
1017 879 1062 956 20
1078 880 1179 953 mala
1192 880 1408 956 Lembeoba

304 1007 373 1082 par
397 1007 511 1080 quam
537 982 752 1081 sepedictus
778 1005 907 1056 comes
933 980 1107 1056 Flandrie
1124 980 1317 1079 Philippus
1342 1007 1408 1081 po-

302 1082 541 1158 tentissimus
576 1107 651 1156 una
676 1083 736 1156 die
762 1080 953 1157 civitatem
983 1105 1099 1154 unam
1132 1091 1170 1154 et
1203 1091 1328 1156 castra
1353 1085 1409 1156 ὃὸ,

303 1183 451 1280 amisit,
478 1183 577 1256 sicut
602 1184 639 1256 in
666 1183 981 1280 subsequentibus
1007 1181 1156 1280 plenius
1181 1182 1227 1256 de
1246 1182 1405 1281 singulis

304 1281 482 1382 predictis
501 1283 814 1358 manifestabitur.
1002 1303 1004 1308 ·

381 1383 525 1457 Eodem
543 1393 716 1481 tempore
733 1381 912 1478 hyemali,
937 1380 1153 1479 supradicto
1172 1406 1284 1479 anno,
1308 1381 1406 1456 scili·

305 1492 368 1556 cet
385 1481 536 1564 Domini
558 1488 676 1579 1182,
708 1481 894 1556 Henricus
918 1504 1049 1556 comes
1076 1482 1344 1556 Namurcensis
1368 1493 1407 1556 et

304 1582 584 1656 Lusceleborch
603 1584 702 1682 apud
720 1583 1000 1658 Lusceleborch
1018 1582 1224 1681 egrotavit3
1253 1593 1292 1657 et
1316 1607 1405 1656 cum

303 1684 401 1756 duos
428 1684 560 1757 oculos
583 1684 742 1758 haberet
767 1707 929 1782 quorum
953 1682 1064 1756 unius
1086 1683 1216 1756 lumen
1234 1708 1257 1758 a
1274 1683 1404 1758 multis

307 1783 415 1856 annis
443 1783 648 1858 extinctum
675 1794 775 1882 erat,
806 1783 962 1860 alterius
988 1783 1118 1858 lumen
1145 1783 1225 1857 Deo
1253 1785 1403 1858 volente

305 1883 452 1978 amisit3
479 1885 619 1982 itaque,
643 1895 723 1958 toto
743 1885 942 1958 oculorum
960 1883 1103 1957 lumine
1120 1883 1279 1982 perdito,
1299 1909 1403 1958 ceca-

303 1992 365 2054 tus
384 1994 453 2056 est.
502 1984 586 2071 Quo
606 1985 732 2057 audito
752 2009 871 2084 nepos
897 1985 977 2059 eius
1003 2007 1132 2058 comes
1151 1983 1402 2058 Hanoniensis

306 2106 394 2154 eum
419 2082 810 2182 visitarelestinavit,
846 2085 906 2158 cui
931 2108 1060 2158 comes
1087 2085 1354 2160 Namurcensis
1380 2111 1405 2158 a

304 2183 491 2256 nobilibus
510 2195 610 2260 terre
628 2185 729 2258 illius
754 2196 792 2260 et
814 2185 1061 2260 familiaribus
1090 2195 1128 2260 et
1153 2185 1403 2284 burgensibus

215 2284 350 2357 troade
363 2283 641 2360 Lusceleborch
660 2310 778 2360 novas
793 2286 883 2362 fecit
900 2285 981 2360 fieri
1000 2285 1224 2360 securitates
1232 2285 1256 2358 ¹.
1300 2287 1402 2374 Quas

194 2370 456 2478 Al’'·¹·quidem
491 2388 714 2460 securitates
747 2398 785 2461 et
818 2386 985 2459 hominia
1017 2385 1145 2460 comiti
1172 2386 1403 2461 Hanoniensi

304 2483 444 2556 milites
472 2485 658 2582 lecerunt,
686 2487 887 2559 Wildricus
906 2487 952 2560 de
969 2487 1159 2581 Walcort,
1184 2487 1404 2586 Arnulphus

306 2583 352 2656 de
370 2583 628 2657 Luceleburch
647 2595 685 2658 et
702 2586 890 2659 lohannes
908 2585 1009 2658 lilius
1028 2586 1122 2682 eius,
1148 2586 1337 2662 Walterus
1357 2589 1402 2662 de

303 2682 407 2756 Weis
427 2695 465 2756 et
482 2684 690 2759 Richardus
709 2697 747 2758 et
764 2687 953 2760 Walterns
974 2684 1039 2758 lilii
1059 2686 1151 2780 eius,
1178 2687 1402 2762 Wildericus

305 2783 351 2855 de
381 2783 660 2858 Lusceleborch
690 2798 729 2860 et
758 2787 953 2861 Elisabeth
985 2811 1076 2860 uxor
1114 2796 1151 2861 et
1186 2789 1403 2886 Arnulphus

306 2906 438 2956 eorum
465 2883 586 2981 filius,
612 2886 809 2960 Hessello²
833 2889 879 2961 de
903 2887 1101 2986 Bretengis
1127 2888 1331 2962 advocatus
1357 2890 1404 2964 de

194 2995 226 3052 ‘t
238 2994 293 3052 42‘.
303 2981 582 3058 Lusceleborch
595 2997 634 3060 et
646 2987 831 3062 Robertus
851 2989 980 3062 'frater
994 2987 1087 3085 eim,
1103 2988 1208 3061 Cono
1223 2989 1269 3062 de
1280 2988 1406 3086 Orwep

303 3085 521 3183 Arnulphus
540 3097 577 3160 et
596 3087 700 3160 Ceno
720 3100 758 3163 et
776 3089 930 3188 Egidins
959 3089 1025 3162 filii
1052 3089 1154 3185 eius,
1186 3090 1402 3189 Arnulphus

304 3186 349 3258 de
366 3185 522 3282 Roketm
541 3188 659 3287 ipsius
679 3190 845 3262 Cononis
862 3191 991 3285 frater,
1011 3189 1197 3262 lohannes
1216 3191 1261 3262 de
1280 3190 1403 3288 Romi,

303 3285 540 3360 Helbrannus
568 3291 614 3362 de
642 3290 882 3389 Falconpire‚
915 3290 1155 3388 Radulphns,
1186 3291 1401 3388 AnselmuS‚

305 3420 330 3489 1)
348 3421 407 3474 sine
427 3422 511 3476 dubio
531 3423 591 3475 illas
610 3439 676 3492 quas
696 3421 870 3489 Reillenberg
888 3423 972 3476 edidit
991 3423 1162 3479 Monuments
1178 3429 1213 3479 de
1229 3423 1331 3479 Namur
1350 3435 1402 3479 etc.

303 3491 325 3554 l,
348 3492 409 3545 ¹28.
449 3493 527 3557 Quae
546 3497 673 3566 quoniam
694 3513 794 3548 annum
817 3494 887 3548 1184
912 3498 1145 3565 praecelerant,
1172 3515 1222 3554 oeo
1242 3499 1269 3552 in
1295 3500 1400 3552 testium

303 3565 458 3617 nominibus
473 3566 559 3618 ubivis
573 3585 634 3620 cum
650 3579 741 3620 nostro
755 3570 925 3630 concordent,
946 3579 1035 3624 tamon
1057 3573 1145 3624 minus
1162 3581 1201 3625 est
1215 3573 1401 3637 dubitandum,

303 3655 386 3708 quum
408 3637 578 3692 liislobertos
598 3640 655 3710 ipse
674 3656 726 3692 una
747 3657 809 3694 cum
824 3639 943 3695 lloborto
963 3643 1067 3696 notario
1086 3644 1192 3698 comitis
1212 3641 1402 3698 Namurccusis

304 3710 421 3780 diploma
449 3711 605 3780 expedierit,
632 3714 795 3784 traditioque
819 3715 939 3769 solennis
962 3717 1114 3770 neeesraria
1140 3717 1232 3780 luerit,
1258 3726 1401 3788 autequam

303 3787 337 3838 ad
358 3783 459 3838 curiam
481 3785 648 3854 imperialem
669 3804 711 3840 reo
732 3787 892 3842 deferretur.
920 3787 1036 3844 Accedit
1050 3791 1122 3860 qnod
1136 3791 1231 3843 eodem
1246 3807 1316 3843 anno
1334 3788 1402 3842 1183

303 3859 454 3928 eodemque
469 3876 559 3910 mense
572 3857 661 3930 Aprili
676 3859 809 3912 liodullus
824 3861 964 3931 episcopus
978 3861 1136 3916 Leodieusis
1155 3863 1245 3917 comiti
1267 3861 1402 3916 Balduino

302 3929 479 4000 resignaverit
499 3932 587 3984 omnia
608 3932 666 3984 iura
687 3949 756 4002 quae
775 3934 827 3986 sibi
842 3936 875 3987 da
889 3936 1013 3989 avunculi
1034 3935 1075 3988 sui
1095 3934 1403 3990 cornitisNamurceusis

303 4003 453 4058 hereditate
475 4004 654 4074 provenirent.
694 4004 772 4070 Quae
791 4008 883 4062 charta
903 4009 982 4061 etiam
1005 4026 1019 4060 a
1041 4007 1201 4063 Gisleberto‘
1220 4019 1259 4062 est
1286 4010 1403 4062 redacta.

303 4075 425 4130 lurenies
446 4095 504 4130 eam
525 4081 595 4148 apud
618 4077 790 4149 lleillonberg
811 4081 862 4135 lc.
883 4097 909 4150 p.
919 4080 973 4132 307
984 4097 1024 4151 sq.
1098 4081 1126 4152 2)
1145 4080 1219 4136 Dans
1240 4100 1292 4135 une
1312 4081 1403 4135 oberto

302 4151 338 4202 de
360 4148 430 4202 1182
449 4149 468 4202 il
489 4161 529 4202 ost
548 4156 656 4204 nornine
678 4149 790 4206 Werelo
816 4151 889 4224 [Hist
908 4155 942 4207 de
962 4151 1164 4224 waubourg,
1190 4153 1222 4208 Τ.
1245 4153 1289 4218 lv,
1310 4171 1336 4224 p.
1356 4153 1402 4216 29,

304 4237 357 4274 aux
376 4223 509 4292 preuves).
549 4222 780 4281 unnsrsstntt.
893 4263 896 4268 -
