3002 4790
343 415 619 493 cunonrcou
642 363 957 490 unucuruusu.
1123 415 1219 489 aas·

94 619 286 694 celebrari
305 617 453 716 statuit
479 617 736 691 celebrabitur.
785 617 824 690 ln
849 639 1006 722 quarum
1032 613 1197 686 celebra·
1207 628 1288 684 11⁹5.

95 723 206 794 tinne
233 721 435 794 missarum
463 718 613 819 pr'oprie
641 730 678 792 et
704 711 892 817 speciales
918 716 1089 790 dicentur
1115 737 1197 785 uru-

25 843 26 848 ’
97 823 240 895 tiones
283 821 469 895 Sacerdos
495 831 620 893 autem
647 823 691 893 ad
710 820 783 892 hec
802 819 1024 916 complenda
1042 842 1062 888 a
1083 815 1198 930 quoli-

100 921 316 996 betcornite
333 921 564 995 llancniensi
574 945 733 1036 semper
749 921 974 1017 instituetur.
994 918 1126 991 salvo
1118 942 1197 990 rure

102 1023 372 1096 canonicorum
392 1023 581 1096 ecclesie
572 1048 608 1094 m
629 1022 709 1096 suis
727 1021 939 1095 offertoriis.
984 1021 1050 1095 Cui
1074 1042 1199 1092 sacer-

93 1124 178 1196 doti
195 1125 367 1197 dominus
382 1149 512 1198 comes
527 1123 780 1197 Hancniensis
795 1123 1011 1221 sepedictus
1028 1123 1199 1217 assigna-

100 1225 156 1298 vit
189 1225 414 1300 telonaria
445 1237 546 1298 terre
577 1224 726 1298 arabilis
760 1228 857 1322 apud
886 1223 1199 1296 Wandelaincort.
1238 1230 1244 1245 ⁹

99 1325 288 1400 Sacerdos
309 1337 435 1398 autem
455 1326 516 1398 ille
532 1326 749 1398 continuum
769 1326 840 1423 ipsi
860 1324 1022 1399 ecclesie
1041 1326 1081 1396 in·
1097 1323 1198 1394 horis

97 1425 411 1499 conventualibus
438 1437 516 1499 tam
545 1427 738 1500 matutinis
758 1449 870 1524 quam
896 1424 1024 1498 missis
1053 1435 1091 1496 et
1116 1423 1198 1496 aliis

102 1526 206 1598 horis
233 1528 420 1601 exhibebit
438 1528 643 1601 servitium.
687 1529 752 1600 llle
773 1541 898 1600 autem
924 1528 1102 1599 sacerdus
1121 1527 1200 1623 qui·
1295 1581 1300 1588 .

38 1665 42 1683 ·
101 1627 193 1700 libet
211 1627 247 1699 in
267 1628 325 1700 sui
350 1629 580 1702 institutione
607 1632 750 1708 tamde
770 1630 1047 1726 complemento
1067 1628 1200 1721 missa*

104 1753 188 1800 rum
216 1753 329 1826 quarn
354 1732 399 1801 de
419 1729 499 1801 iure
519 1730 782 1804 canonicorum
812 1731 1071 1802 conservando
1097 1730 1199 1800 etde
1237 1757 1241 1766 ·

106 1833 325 1926 peragendo
352 1831 513 1902 ecclesie
540 1830 577 1901 in
603 1831 706 1905 horis
739 1829 1050 1903 conventualibus
1077 1829 1200 1902 officio

100 1932 357 2010 iuramentum
376 1931 569 2029 prestabit.
621 1931 964 2005 Dominuscomes
993 1930 1113 2004 eciam
1140 1953 1201 2002 as-

106 2031 271 2128 signavit
288 2032 411 2104 eidem
431 2031 593 2105 ecclesie
613 2032 839 2123 Condatensi
859 2037 909 2107 60
929 2032 1068 2104 solidus
1087 2035 1201 2103 dena-

8 2171 10 2228 g
106 2133 246 2204 riorum
278 2133 471 2205 annuatim
504 2134 539 2205 in
572 2133 749 2206 censibus
781 2133 916 2205 Braine
940 2132 1171 2205 Wilhutice
1163 2156 1200 2202 m

103 2233 203 2304 festu
228 2237 348 2306 sancti
367 2235 543 2306 lobannis
562 2235 722 2348 baptiste
743 2234 1081 2332 percipiendorum,
1105 2255 1202 2330 quos

101 2333 141 2404 in
161 2333 417 2408 anniversario
446 2335 527 2407 eius
553 2335 721 2407 canonici
745 2344 942 2432 presentes
968 2344 1005 2406 et
1027 2334 1202 2405 anniver-

105 2435 244 2507 sarium
273 2435 359 2508 eius
392 2437 603 2509 recolentes
637 2459 720 2508 cum
755 2435 998 2508 veneratione
1027 2434 1126 2507 inter
1157 2457 1201 2508 se

102 2536 337 2610 distribue-nt.
374 2538 622 2635 Hec'quidem
641 2538 765 2609 ornnia
792 2547 872 2609 tam
898 2559 1014 2634 super
1035 2536 1201 2635 comple·

9 2709 10 2712 ,
108 2647 234 2708 mento
256 2637 457 2710 missarum
484 2649 521 2710 et
540 2661 655 2735 super
678 2638 860 2710 beneficio
886 2648 987 2710 terre
1015 2636 1201 2710 sacerdoti

102 2737 298 2832 assignate
310 2763 422 2833 quam
435 2739 815 2834 superanniversario
832 2739 1044 2832 recolendo,
1060 2737 1199 2834 scripto

106 2839 417 2948 cyrugraplrizato
443 2849 481 2910 et
508 2837 664 2934 sigillo
655 2839 773 2935 ipsius
792 2839 937 2912 domini
964 2839 1109 2911 comitis
1129 2839 1202 2927 lla·

110 2937 314 3029 nnniensis‚
334 2938 560 3010 marchionis
580 2939 860 3012 Namurcensis
883 2950 920 3012 et
939 2939 1090 3090 sigillo
1080 2941 1200 3038 ipsius

34 3123 44 3138 .
106 3039 269 3110 ecclesie
289 3037 507 3109 conlirmata
527 3049 624 3110 sunt.

9 3143 11 3152 ’
181 3138 220 3210 ln
236 3139 462 3236 Sonegiensi
479 3139 639 3211 ecclesia
656 3137 830 3210 dominus
846 3162 975 3212 comes
989 3085 1203 3212 Hanonien-

106 3238 175 3332 εἰς,
203 3243 369 3312 marchio
389 3239 658 3312 Namurcensis
683 3240 898 3355 sepedictus
926 3241 1107 3313 altarem
1136 3243 1202 3313 ho·

10 3353 12 3376 ²
111 3364 198 3412 nore
219 3343 337 3412 sancti
358 3343 532 3414 lobannis
552 3341 823 3438 ewangeliste
814 3366 850 3412 m
871 3342 1024 3414 introitu
1041 3343 1173 3414 chori
1162 3367 1201 3414 m

10 3455 22 3514 ,’
107 3440 260 3513 sinistra
279 3455 384 3540 parte
409 3442 583 3537 instituit
610 3454 649 3515 ut
676 3443 744 3557 ιΙιιἸ
772 3445 859 3514 dum
878 3444 1022 3516 viveret
1040 3444 1124 3541 ipse
1142 3467 1202 3516 co-

14 3613 17 3623 ,
108 3565 210 3654 mee,
230 3567 384 3640 quaqua
413 3547 471 3616 die
491 3544 675 3617 dominica
696 3545 812 3616 missa
833 3548 878 3616 de
898 3556 1029 3618 sancto
1048 3546 1202 3643 Spiritu,

111 3641 146 3713 iu
173 3642 270 3715 aliis
280 3668 369 3715 vero
393 3645 551 3717 diebus
542 3646 659 3718 missa
679 3649 726 3718 de
745 3646 908 3743 gloriosa
928 3647 995 3718 Dei
1016 3648 1204 3744 genitrice

17 3807 21 3814 .
110 3744 223 3816 Maria
245 3746 510 3842 celebraretur,
537 3757 621 3844 post
645 3749 846 3854 decessum
866 3772 956 3820 vero
975 3747 1094 3846 ipsius
1114 3771 1203 3846 qua·
1212 3795 1214 3800 -

10 3875 12 3914 ι
110 3871 181 3942 qua
211 3845 330 3918 diem
357 3858 579 3944 perpetuum
607 3848 744 3945 missa,
780 3873 891 3946 quam
920 3850 1202 3927 ecclesiasticus

10 3991 11 4030 3
111 3949 199 4018 erdo
232 3971 298 4044 pro
324 3946 494 4021 fidelibus
527 3949 710 4023 defunctis
743 3951 922 4024 celebrari
948 3950 1130 4047 instituit
1166 3953 1203 4024 in

10 4039 12 4056 ’
114 4045 191 4143 ipso
201 4048 316 4120 altari
335 4073 402 4148 pro
422 4050 587 4122 remedio
606 4050 731 4122 anime
755 4075 823 4144 sue
852 4051 1108 4125 celebrabitur.
1162 4053 1203 4126 ln

35 4171 37 4175 ·
115 4173 267 4244 quanm}
289 4151 539 4224 celebratione
559 4152 761 4226 missarum
781 4154 931 4252 prwoprie
960 4155 997 4225 et
1016 4153 1203 4254 speciales

127 4273 206 4346 pro
217 4250 299 4346 ipso
328 4254 464 4326 comite
488 4254 657 4326 dicentur
674 4255 863 4328 crationes
884 4267 959 4328 tam
979 4255 1016 4327 in
1036 4255 1225 4328 collectis·
1213 4281 1313 4337 *utun

11 4313 15 4410 ι
