3002 4790
354 411 628 500 CHRONlCON
654 426 967 500 HANONteusu.
1135 425 1207 500 223

72 621 75 626 ’
110 631 185 704 sub
206 627 422 722 testimonio
442 631 690 726 quorumdam
710 629 919 728 principum
938 629 1091 718 fecerat.
1132 627 1308 702 Vo-uu,

92 730 198 810 lens
217 739 344 802 autem
369 739 409 802 ut
428 740 626 826 presentes
642 730 711 828 ‘qui
727 734 883 804 aderant
901 729 1091 828 principes
1109 726 1210 801 idem
1322 787 1326 794 .

110 839 403 930 cognoscerent,
421 831 494 910 hoc
509 831 564 905 eis
580 832 857 906 manifestabat.
878 832 976 920 'Quo
992 831 1116 902 audito
1136 831 1209 904 dux
1258 892 1271 916 ,

109 931 361 1006 Lovaniensis
380 930 488 1028 dixit,
513 935 609 1029 quod
629 933 666 1005 in
685 934 757 1006 hoc
776 957 844 1006 sue
863 932 1033 1030 dignitati
1052 935 1210 1028 deroga·

110 1036 241 1128 batur,
269 1042 306 1106 at
333 1056 452 1131 super
467 1035 539 1106 hoc
559 1034 755 1108 consilium
775 1035 890 1107 vellet
908 1035 1049 1107 habere
1068 1042 1106 1112 et
1124 1030 1209 1103 inde

110 1133 227 1232 loqui.
279 1134 489 1232 Habitoque
521 1135 668 1210 comitis
699 1135 939 1210 Flandrensis
972 1132 1141 1232 consilio,
1174 1131 1211 1206 et

110 1233 327 1309 hominibus
354 1235 433 1308 suis
465 1235 638 1309 adhibitis
669 1259 738 1335 per
774 1236 1050 1335 prolocutorem
1086 1257 1210 1328 suum,

55 1369 62 1380 ·
104 1335 258 1410 scilicet
281 1334 458 1408 comitem
477 1336 667 1430 Flaudrie,
695 1338 803 1432 dixit,
829 1340 927 1436 quod
954 1336 991 1410 in
1016 1347 1115 1409 terra
1139 1333 1318 1418 Nastae.

73 1488 77 1492 -
114 1435 306 1509 mercensi
332 1437 393 1509 vel
421 1435 562 1510 'Rocha
589 1438 713 1512 nullus
746 1437 827 1512 fieri
857 1449 987 1537 potest
1020 1437 1211 1536 princepe,

114 1537 203 1634 quia
230 1536 267 1607 in
294 1539 430 1610 ducatu
455 1563 524 1612 suo
550 1549 649 1634 erat,
682 1551 719 1612 et
745 1539 902 1638 insuper
934 1543 1090 1613 ducatus
1119 1561 1211 1612 suus

114 1663 185 1735 per
211 1636 421 1710 Hauoniam
435 1703 437 1708 ,
451 1663 570 1737 usque
593 1642 639 1713 ad
665 1642 790 1714 locum
811 1641 873 1738 qui
891 1641 1023 1716 dicitur
1041 1639 1211 1713 Truncus

114 1737 349 1834 Berengeri¹
375 1741 676 1836 protendebatur.
716 1742 770 1814 Ad
790 1743 863 1814 hec
881 1741 1117 1815 Gislebertus
1138 1738 1213 1812 eta

116 1840 217 1914 ricus
238 1838 401 1934 dicebat,
422 1843 519 1938 quod
546 1841 689 1914 nullum
708 1842 746 1914 in
767 1842 945 1915 comitatu
963 1839 1219 1914 Namurcenei

1 2027 3 2032 .
115 1941 178 2020 vel
196 1941 332 2014 Rocha·
352 1941 414 2016 vel
431 1940 602 2014 Hauonia
622 1945 737 2038 duces
757 1945 802 2017 de
821 1943 1011 2036 Bullioue,
1032 1963 1112 2015 racc
1129 1952 1214 2040 post

1 2093 2 2096 ,
113 2042 200 2115 illos
220 2044 334 2120 duces
352 2043 399 2114 de
417 2043 645 2140 Lemborch,
673 2069 744 2134 uec
762 2054 900 2142 postea
914 2044 1073 2118 wutites
1096 2045 1214 2117 Lova·

1 2153 2 2159 ’
109 2143 272 2216 -nienses
292 2143 352 2214 vel
371 2145 486 2216 duces
501 2146 678 2217 ducatum
696 2145 932 2241 habuissent,
953 2169 1023 2218 nec
1041 2156 1213 2218 tenorem

118 2243 155 2315 iu
179 2242 252 2316 hiis
276 2243 359 2341 ipse
378 2247 451 2316 dux
469 2269 536 2342 pro
556 2269 599 2316 se
618 2245 685 2317 vel
705 2264 773 2343 pro
801 2246 879 2319 suis
908 2245 1212 2319 antecessoribus

1 2391 2 2394 =
117 2353 332 2418 monstrare
357 2357 498 2440 posset.
549 2344 780 2443 Dicebatque
800 2346 1032 2420 Gislebertus
1055 2345 1213 2420 clericus

10 2523 13 2527 ,
109 2444 269 2518 domino
289 2445 389 2542 regi:
418 2441 570 2518 litamine
588 2470 671 2542 rec,
700 2447 866 2521 dominus
884 2471 982 2520 naeus
1000 2473 1118 2536 comes
1138 2447 1221 2520 Her-¹

1 2554 3 2561 '
119 2549 297 2620 iconiensis
327 2543 528 2619 amachium
559 2547 841 2622 Narnurcensem
872 2573 896 2622 α
928 2549 1027 2623 vobis
1056 2555 1148 2622 tenet
1178 2554 1217 2620 ut

116 2649 294 2742 princeps,
318 2649 411 2719 sicut
436 2649 660 2744 coquoscitis,
687 2649 780 2722 unde
796 2675 908 2744 pares
931 2657 965 2722 et
988 2657 1094 2722 testes
1109 2649 1220 2724 emet

117 2749 303 2841 priudpes.
351 2747 391 2820 Si
417 2752 494 2842 quis
513 2756 630 2821 nutem
650 2757 778 2823 contra
796 2757 953 2823 tenorem
973 2751 1028 2823 vel
1043 2751 1215 2823 honorem
1273 2817 1276 2824 i

1 2918 2 2921 ,
79 2869 223 2953 Δειωηι
247 2847 354 2918 babet
379 2846 507 2943 dicere,
532 2851 608 2944 ipsc
629 2857 785 2943 parabis
811 2858 865 2922 cst
890 2851 946 2924 die
968 2851 1122 2947 lepitiuro
1148 2850 1216 2924 sibi
1276 2866 1279 2870 ·

121 2949 310 3020 constituto
341 2949 415 3021 iuri:
441 2954 475 3020 et
503 2948 633 3022 iudicio
663 2957 772 3046 stare.
824 2953 921 3026 Dum
950 2963 1077 3032 autem
1102 2953 1214 3024 heca

122 3046 258 3121 nuncio
277 3046 425 3120 comitis
442 3047 693 3122 Hauonieusis
713 3061 847 3126 contra.
859 3055 993 3124 ducem
1005 3052 1214 3133 Lovanien-

1 3159 2 3162 ’
25 3245 26 3252 ¹
121 3172 206 3222 sem
231 3159 268 3222 et
286 3147 665 3247 eiusprolocutorem
684 3151 860 3224 comitem
883 3153 1153 3225 Flandreusem
1178 3161 1216 3224 et

122 3249 380 3323 auxiliatorem
411 3249 655 3324 manifestum
686 3263 1006 3350 proponerentur,
1042 3251 1214 3328 dominus
1275 3311 1278 3318 .

122 3375 187 3424 rex
202 3375 318 3451 super
334 3353 406 3424 hoc
425 3349 653 3426 senteutiam
668 3376 690 3424 a
706 3351 843 3426 comite
856 3353 1076 3428 Flaudrensi
1094 3353 1216 3452 requi·
1257 3393 1266 3414 a

101 3451 219 3526 ‚sivit
272 3451 344 3539 Qui
370 3477 438 3551 per
462 3451 688 3527 sententiam
714 3453 823 3550 dixit,
852 3467 889 3528 et
914 3454 999 3529 inde
1026 3454 1215 3556 principes
1276 3464 1279 3469 ’

1 3571 2 3646 j
122 3553 250 3628 habuit
276 3576 483 3651 sequaces,
520 3557 617 3653 quod
651 3579 780 3630 comes
814 3556 1067 3636 Hauonieusis
1101 3581 1217 3657 super

1 3673 12 3750 j·
123 3654 232 3734 terris
253 3653 326 3728 illis
345 3654 443 3728 iuste
462 3666 593 3754 posset
609 3655 692 3730 fieri
711 3667 748 3731 et
775 3658 942 3732 marchio
962 3669 999 3732 et
1024 3658 1216 3758 princeps,

114 3781 209 3830 cum
237 3758 311 3828 dux
334 3765 507 3828 tenorem
532 3759 689 3831 ducatus
708 3758 874 3833 interris
892 3759 964 3833 illis
985 3784 1027 3833 se
1046 3760 1106 3834 vel
1124 3783 1216 3832 suos

1 3913 3 3925 ι
125 3868 388 3932 antecessores
423 3857 712 3932 habuissenon
745 3871 878 3958 posset
910 3871 1133 3934 monstrare.
1185 3861 1217 3932 A

1 3979 3 4016 t
126 3959 341 4034 marchione
364 3967 491 4032 autem
511 3959 556 4032 de
575 3958 721 4034 Μίηεεε2
744 3960 881 4036 ibidem
908 3962 1111 4035 iudicatum
1136 3959 1217 4054 luit,

128 4142 152 4214 1)
169 4139 384 4208 Tronchienhes,
405 4151 435 4197 ut
459 4143 557 4198 diserte
576 4144 695 4198 ostendit
720 4143 848 4200 Durivier
867 4147 884 4198 l.
905 4163 927 4199 c.
948 4163 974 4216 p.
995 4143 1050 4198 618
1069 4163 1095 4198 n.
1118 4145 1142 4198 l.
1180 4143 1216 4197 V.

61 4255 62 4258 η
150 4233 232 4344 upqule
251 4217 408 4271 relationem
428 4221 463 4272 de
482 4217 665 4273 infeudatione
684 4219 755 4272 inter
774 4217 948 4290 appendices.
1038 4219 1067 4289 2)
1085 4216 1215 4273 Misceasi

179 4307 208 4344 er
221 4306 246 4343 o.
578 4313 580 4320 v
