3066 4788
367 403 643 504 curorucou
670 425 982 539 unnoruonss.
1174 436 1221 508 es

11 605 13 690 ᾗ
122 625 255 702 habuit
271 627 431 702 militem
444 631 603 725 probum
618 578 873 701 admodum-”et
887 629 1077 704 famosum
1090 629 1222 702 Error·

123 732 226 824 dum,
247 729 473 826 cognomine
492 729 702 823 Redonem,
728 728 856 827 quide
875 740 981 827 parte
1001 729 1132 803 matris
1152 754 1221 803 sue

11 827 12 892 7
123 829 294 903 Fienios1
315 829 440 902 villam
456 853 574 929 prope
589 829 815 903 Melbodium
830 829 1011 926 possedit.
1037 829 1106 904 Hic
1121 831 1222 927 equi·

121 932 211 1003 dem
230 932 276 1002 de
296 954 411 1003 uxore
430 929 564 1028 prima,
584 930 735 1003 Roberti
754 931 800 1002 de
819 928 1221 1005 Betuna²Atrebaten

120 1031 176 1103 sis
204 1031 376 1103 advocati
405 1054 555 1125 sorore,
586 1028 859 1102 filiamhabuit
883 1029 1119 1126 Richeldem,
1137 1055 1220 1128 que

15 1173 19 1184 ·
108 1132 250 1226 -nupsit
276 1131 356 1204 viro
382 1130 495 1204 nobili
518 1129 729 1204 Gisleberto
757 1133 804 1204 de
828 1130 1057 1228 Aldenarda,
1086 1141 1219 1229 postea

10 1311 11 1314 Ἴ
120 1229 228 1306 militi
238 1235 364 1329 probo
383 1232 549 1306 Walters
572 1233 618 1304 de
641 1229 912 1327 Sothenghien.
944 1231 1220 1304 Evraodus'au·

118 1342 210 1428 tem,
230 1333 380 1406 vivente
394 1333 516 1430 prima
532 1355 661 1427 uxore,
680 1331 793 1404 aliern
808 1331 1039 1428 superduxit,
1057 1342 1219 1406 matrem

10 1439 12 1528 ζ
119 1432 284 1504 Cononis
321 1444 360 1506 et
391 1432 569 1506 Iohannis
606 1442 643 1506 et
669 1431 875 1528 Radutphi,
910 1432 972 1529 qui
1000 1431 1218 1506 comitatum
1280 1493 1282 1498 .

116 1531 439 1608 Suessionensem
455 1544 493 1606 et
506 1532 712 1607 dominium
723 1531 896 1629 Nigelle³
915 1543 953 1605 et
966 1533 1218 1606 castellanam

10 1629 12 1702 ἰ
114 1633 356 1732 Brugensem
375 1636 639 1731 possederunt,
668 1642 704 1706 et
724 1655 769 1704 ex
789 1656 835 1704 ea
853 1632 970 1705 filiurn
989 1633 1118 1706 hebuit
1136 1634 1219 1706 Bal·

10 1737 12 1792 ἕ
115 1734 283 1820 duinom.
823 1781 825 1786 ,

10 1831 12 1896 ἷ
189 1834 394 1926 Balduinus
422 1856 552 1906 comes
571 1831 845 1928 Hanoniensis,
873 1831 1041 1906 Balduini
1070 1833 1217 1907 comitis

10 1975 13 2020 ς
113 1943 155 2006 et
172 1935 251 2009 Yde
278 1935 471 2008 comitisse
493 1933 605 2031 filius,
633 1933 725 2009 sotis
744 1931 891 2006 iuvenis
911 1933 1020 2006 miles
1039 1934 1217 2030 decessit,

10 2027 12 2070 ³
112 2033 221 2107 cuius
242 2060 379 2132 corpus
398 2036 437 2107 in
451 2034 637 2108 Montensi
658 2033 820 2108 ecclesia
840 2033 1031 2132 sepultum
1047 2033 1115 2106 fuit
1128 2045 1216 2107 ante
1229 2054 1310 2112 troo.

10 2211 11 2216 ,
111 2134 221 2206 chori
233 2135 436 2208 introitum.
465 2135 580 2210 Cuius
594 2134 659 2206 filii
673 2135 778 2231 parvi
793 2145 1051 2230 remanentes,
1070 2134 1215 2232 primus

9 2233 11 2320 ξ
109 2232 213 2306 fitius
246 2234 451 2306 Balduinus
484 2235 704 2306 comitatum
730 2235 1013 2306 Hanoniensem
1042 2234 1215 2328 obtinuit3

9 2351 12 2414 t
109 2332 236 2406 iunior
255 2343 382 2406 autem
400 2330 498 2406 fitius
514 2332 712 2405 Gerendus.
723 2332 859 2405 allodia
873 2332 909 2403 in
923 2332 1214 2408 Aduallensibus

9 2493 11 2532 z
108 2433 280 2532 partibus
301 2457 346 2506 ex
365 2443 472 2531 porte
491 2432 622 2506 matris
642 2456 710 2506 sue
725 2431 902 2506 Yolendis
923 2432 1115 2506 comitisse
1131 2457 1214 2532 per-

9 2533 11 2612 ἓ
109 2533 315 2631 venientia,
330 2533 474 2608 scilicet
488 2533 708 2608 comitatum
724 2534 770 2606 de
782 2531 1035 2608 Dodewerda4
1049 2544 1086 2608 et
1101 2537 1214 2609 comi·

9 2687 10 2690 ,
108 2645 229 2708 tatum
245 2638 304 2709 ‘de
322 2633 453 2731 Dala⁶,
477 2633 616 2708 habuit.
661 2633 732 2722 Oui
750 2631 867 2708 filium
886 2634 1015 2709 habuit
1034 2636 1213 2708 comitem

9 2777 10 2780 π
108 2737 328 2832 Henricum,
347 2734 505 2808 militem
521 2739 689 2832 probum.
716 2734 896 2808 Yolendis
911 2755 1002 2808 vero
1017 2735 1212 2810 eomitissa

9 2921 10 2924 Ἴ
109 2835 234 2934 vidua,
261 2845 339 2910 tarn
367 2838 413 2911 de
438 2835 519 2910 iure
546 2834 700 2910 dotalitii
729 2860 842 2933 quom
861 2838 907 2910 de
926 2835 1109 2934 parvitate
1126 2836 1210 2908 Bel-

9 2949 11 2984 ³
108 2936 211 3010 duini
230 2935 293 3008 filii
314 2935 395 3010 sui⁶
414 2935 625 3010 Hononiam
643 2936 708 3009 diu
726 2936 859 3032 tenuit,
887 2961 959 3033 que
988 2935 1117 3032 nupsit
1135 2938 1210 3010 cui-

109 3040 195 3110 dam
222 3035 322 3109 fideli
349 3061 432 3131 suo,
460 3037 539 3109 viro
564 3036 677 3109 nobili
704 3036 904 3108 Godefrido
932 3039 979 3108 de
1004 3037 1209 3131 Bocheein,

108 3137 314 3210 castellano
349 3134 646 3229 Volencenensi,
691 3133 753 3230 qui
796 3158 842 3206 ex
878 3133 959 3206 iure
996 3135 1207 3208 castellario

106 3236 408 3312 Ostrevannum⁷
425 3236 588 3308 tenebat.
636 3233 706 3305 Hic
725 3231 846 3304 eciam
867 3242 904 3304 et
921 3233 1209 3310 Ribemontem8

9 3357 10 3364 ’
105 3348 146 3410 et
171 3336 365 3412 Orinium⁹
394 3347 432 3410 et
450 3335 647 3408 castellum
673 3333 710 3406 in
736 3331 911 3406 Poroesio
923 3331 953 3382 1⁰
979 3333 1206 3432 possidebat.

9 3435 11 3532 ζ
106 3437 177 3526 Qui
203 3441 249 3511 de
266 3437 356 3536 ipsa
382 3436 551 3511 Yolende
579 3433 912 3510 comitissefitiurn
941 3434 1068 3509 habuit
1087 3435 1206 3511 Gode-
1242 3495 1246 3500 .

9 3537 11 3614 ζ
104 3538 239 3630 fridurn
256 3549 293 3611 et
305 3537 421 3610 filiam
436 3537 602 3631 Bertam,
621 3561 642 3609 a
658 3535 805 3635 quibuS,
825 3535 1046 3610 'Godefrido
1062 3537 1254 3611 scilicetm.
1273 3553 1315 3608 to.

9 3641 11 3714 ζ
104 3649 143 3712 et
160 3640 285 3734 Berta,
304 3639 421 3712 frater
440 3661 571 3712 eorum
585 3636 787 3720 Balduinus
805 3659 933 3709 comes
948 3636 1203 3712 Hononiensis

9 3771 11 3792 ι
103 3739 359 3814 castellariam
383 3737 712 3812 valencenensem
740 3747 777 3809 et
802 3746 921 3809 totam
955 3737 1204 3812 hereditatem

9 3901 11 3938 ἶ
105 3904 129 3971 Ι)
148 3903 284 3974 Feignies,
304 3905 332 3959 in
348 3902 446 3967 Gattia,
467 3921 519 3958 err.
536 3904 569 3956 de
583 3899 713 3968 Aresnes,
734 3911 804 3958 cnut.
819 3903 852 3956 de
866 3900 966 3974 Bavoy.
1022 3902 1049 3971 2]
1069 3899 1203 3956 Bethnne.

102 3977 130 4049 3)
149 3975 241 4044 Nesto,
260 3981 362 4048 depost.
383 3981 418 4032 de
437 3977 462 4030 lu
483 3976 602 4031 Summe.
637 3974 670 4030 G.
745 3976 771 4049 4)
792 3975 971 4040 Dodewcard
991 3975 1018 4027 in
1038 3991 1112 4044 pror.
1133 3972 1203 4028 Get·
1263 3973 1269 3985 ''

9 4077 10 4080 ¹
103 4051 195 4104 dreosi
215 4050 388 4105 Holloodioe.
464 4049 490 4119 5)
510 4048 616 4111 Dotem,
636 4049 747 4103 ibidem.
830 4049 855 4119 6)
876 4047 967 4121 Quum
987 4066 1011 4102 a.
1034 4045 1114 4101 1120.
1134 4045 1204 4102 Bar-

9 4133 11 4172 Γ
103 4125 204 4178 duinus
223 4121 272 4178 ΙΙΙ.
299 4123 465 4185 decessisset,
490 4121 640 4177 Belduinus
661 4121 707 4177 W.
732 4122 804 4176 filius
829 4139 884 4176 non
908 4121 960 4174 nisi
980 4119 1104 4174 undecim
1125 4121 1201 4174 annis

9 4209 11 4212 ·
103 4205 181 4251 natus
200 4204 271 4256 orsu
291 4196 326 4252 cf.
345 4195 527 4269 Reiffenberg,
547 4193 668 4250 Histoire
688 4197 721 4250 de
741 4193 843 4248 Nemus
862 4193 897 4258 ΙΙ,
918 4194 943 4247 5.
964 4193 989 4248 6.
1054 4193 1081 4263 7)
1101 4191 1202 4249 Ostre-

9 4329 10 4334 .
103 4279 173 4325 rant.
249 4267 276 4340 8)
292 4268 450 4340 Βίὴειηοηῑ.
525 4267 551 4340 9)
572 4265 675 4338 Origni.
753 4266 795 4338 10)
818 4263 1082 4416 Οὴῆῑοειὲ-Ροτοίεη.
