3066 4788
316 518 324 524 ⁸
354 423 633 514 CHRONlCON
661 422 980 497 HANONlENSE.
1169 427 1213 496 41

117 653 205 702 cum
224 627 385 725 quedam
405 625 594 699 abbatissa
612 649 726 724 super
723 623 962 723 quibusdam
977 593 1136 699 ecclesie
1155 649 1218 698 ne·

117 727 232 828 gotiis
252 728 297 800 ad
317 726 510 800 dominum
529 727 798 825 imperatorem
813 725 1070 799 Romanorum
1088 729 1216 836 sepius

116 840 343 925 recurreret,
362 827 513 925 quidam
528 851 657 901 comes
671 826 878 900 Montensis
894 827 939 899 ad
955 825 1102 899 abbatie
1116 823 1217 897 illius

117 928 342 1042 dignitatem
370 929 571 1020 anhelans‚
598 952 685 1001 cum
709 926 791 1041 ipse
809 937 847 1000 et
864 926 987 1040 gratia
1006 937 1043 999 et
1060 949 1219 999 consan-

117 1029 303 1127 guinitate
322 1029 420 1128 apud
437 1029 644 1142 quemdam
660 1027 854 1100 domiuum
873 1027 1142 1140 imperatorem
1160 1049 1218 1100 sa·

119 1129 169 1202 tis
187 1137 336 1227 posset3
355 1129 470 1242 petiit·
477 1128 547 1201 ab
537 1151 620 1226 rpso
634 1128 876 1241 imperatore,
895 1138 937 1200 ut
955 1126 1103 1200 abbatie
1114 1125 1219 1198 illius

118 1229 417 1304 dominationem
437 1254 472 1303 er
463 1229 734 1326 concederet
761 1227 814 1301 ita
832 1228 931 1325 quod
956 1237 1044 1341 post
1068 1225 1219 1301 electio·

118 1355 207 1403 nem
233 1329 315 1427 ipsa
339 1330 460 1404 abbat
434 1339 527 1403 tissa
550 1331 596 1402 de
616 1286 734 1402 manti
752 1327 870 1426 ipsius
893 1327 1041 1402 comitis
1069 1337 1107 1400 et
1133 1350 1219 1399 suo-

117 1455 204 1502 rum
223 1453 488 1504 successorum
511 1428 702 1530 dignitatis
727 1429 839 1502 huius
867 1432 965 1501 bona
996 1427 1216 1524 susciperet.

118 1531 325 1604 Asserebat
346 1531 446 1604 enim
464 1530 546 1628 ipse
571 1531 744 1602 dominus
766 1553 907 1627 comes,
933 1538 971 1602 et
988 1529 1219 1627 suggerebat

12 1671 14 1674 ·
118 1629 271 1703 domino
297 1630 516 1729 imperatori
542 1633 640 1703 bona
666 1629 814 1704 abbatie
840 1628 996 1704 minime
1014 1652 1098 1703 esse
1118 1651 1219 1700 com·

11 1729 13 1824 g
111 1729 279 1805 moditat
281 1731 323 1803 is
378 1730 446 1803 Cui
477 1729 629 1826 quidem
661 1729 789 1803 comiti
814 1729 988 1802 dominus
1013 1729 1219 1826 imperator

11 1835 13 1878 ³
120 1830 330 1903 dominium
362 1829 510 1905 abbatie
541 1830 719 1926 contulit
755 1830 820 1903 sed
853 1853 928 1900 non
959 1829 1005 1902 de
1030 1850 1219 1900 consensu

11 1973 12 1978 =
117 1929 294 2004 ecclesie
348 1931 515 2029 Contigit
549 1930 677 2028 itaque
717 1929 830 2028 paulo
867 1939 954 2028 post
939 1927 1219 2001 tabbatissam

11 2075 13 2106 z
118 2031 359 2104 Montensem
378 2033 571 2106 decedere
625 2031 706 2118 Qua
727 2031 917 2104 defuncta
923 2053 1052 2102 comes
1074 2028 1138 2101 rlle
1157 2031 1220 2100 ab

116 2130 301 2202 batiam
293 2154 415 2228 ipsam
444 2131 660 2229 occupavit
692 2131 820 2204 dicens
856 2130 961 2202 illam
993 2153 1102 2202 suam
1133 2151 1218 2201 esse

104 2229 327 2341 propriam,
347 2230 501 2326 capituli
518 2229 779 2302 contradicens
806 2229 991 2302 electioni
1013 2230 1094 2308 At
1120 2227 1219 2324 capi·

117 2328 271 2400 tulum
262 2354 300 2402 m
319 2328 430 2402 solita
443 2329 576 2402 volens
590 2329 741 2402 libertat
726 2339 944 2425 temanere⁷
964 2328 1009 2400 ad
1025 2327 1219 2400 dominum

10 2431 12 2464 ³
116 2429 390 2526 imperatorem
421 2430 606 2526 quosdam
637 2427 840 2502 canonicos
871 2440 910 2502 et
940 2427 1141 2502 canonicas
1173 2428 1219 2502 de

10 2571 12 2596 i
116 2529 271 2602 saniore
291 2539 400 2627 parte
423 2528 577 2628 capituli
595 2528 824 2626 transmisit,
852 2529 1085 2627 propalando
1106 2527 1140 2602 ei
1165 2527 1219 2600 in·

118 2629 255 2701 iuriam
275 2653 390 2728 super
409 2630 593 2704 electione
612 2630 682 2703 sibi
699 2630 862 2725 illatam,
888 2629 1013 2726 ibique
1032 2630 1077 2702 de
1096 2628 1218 2727 gratia

10 2763 11 2770 ¹
120 2740 160 2802 et
187 2753 375 2803 consensu
394 2731 535 2803 domini
560 2731 822 2829 imperatoriS,
853 2730 890 2802 in
919 2731 1000 2804 eius
1027 2728 1218 2827 presentia

10 2853 11 2912 3
121 2831 324 2925 quamdam
360 2831 552 2904 dominam
580 2830 711 2916 odam
732 2831 886 2904 nomine
916 2829 953 2902 in
988 2829 1218 2903 abbatissam

10 2997 12 3030 Ι
120 2930 335 3028 elegerunt,
363 2956 435 3026 que
464 2933 509 3004 ad
537 2932 740 3006 ecclesiam
765 2955 927 3024 reversa
944 2932 1088 3004 nullam
1120 2931 1219 3029 apud

10 3047 12 3118 ξ
118 3029 356 3128 sepedictum
375 3032 490 3105 comit
476 3042 553 3104 tem
563 3056 704 3144 pacem
722 3033 862 3106 habere
878 3032 1014 3144 potuit.
1049 3030 1218 3103 Ecclesia

10 3119 12 3158 ³
120 3142 248 3203 autem
267 3130 454 3204 offensam
472 3130 621 3202 comitis
640 3132 773 3202 nolens
792 3131 991 3224 sustinere,
1011 3130 1219 3201 dominum-

119 3255 194 3326 que
222 3231 489 3344 imperatorem
526 3253 595 3330 per
629 3230 726 3304 mult
711 3239 770 3300 tos
801 3230 951 3301 labores
982 3252 1218 3326 magnasque

10 3411 12 3422 ,
120 3355 307 3444 expensas
335 3331 373 3402 in
399 3330 615 3445 longinquis
643 3329 872 3503 regionibus
885 3352 960 3401 non
983 3330 1115 3403 valeus
1134 3353 1218 3428 pro-

119 3431 249 3544 sequi
276 3431 460 3505 voluntati
488 3431 628 3504 domini
648 3430 746 3506 comi
749 3430 797 3503 tis
815 3430 949 3527 suique
968 3430 1139 3504 advocati
1158 3455 1218 3503 ac·

118 3531 271 3626 quievit.
324 3531 607 3605 Abbatissat
542 3543 607 3605 aut
609 3558 669 3606 em
688 3531 752 3605 illa
772 3532 906 3606 cedent
891 3542 940 3630 te⁷
966 3531 1138 3605 dominus
1159 3556 1219 3605 co-

120 3653 203 3704 mes
222 3630 474 3704 Hanoniensis
494 3643 532 3706 et
550 3635 664 3705 abbas
684 3643 722 3707 et
740 3633 944 3706 advocatus
963 3633 1121 3726 mansit
1150 3632 1219 3706 sic·

11 3827 12 3832 ¹
119 3755 194 3826 que
210 3731 414 3803 abbatiam
433 3733 615 3806 comitum
636 3733 884 3807 hereditatem
907 3734 1068 3831 devenit,
1091 3759 1154 3830 qur
1145 3733 1219 3806 de

120 3830 230 3904 bonis
254 3856 326 3928 que
345 3832 405 3904 ad
424 3842 572 3931 partem
590 3832 737 3906 abbatie
758 3834 995 3932 pertinebant
1012 3835 1132 3907 multa
1150 3858 1219 3931 per
1230 3844 1260 3898 *t
1275 3842 1299 3899 7.

10 3951 12 4016 j
121 3931 219 4028 loca,
239 3932 485 4006 salvatamen
500 3933 701 4007 donatione
716 3934 889 4048 capituli
917 3935 1090 4008 homiues
1109 3956 1219 4030 quos·

119 4031 209 4104 dam
228 4031 403 4106 feodavit.
433 4032 522 4106 Stat
507 4043 630 4106 tutum
650 4033 824 4130 equidem
841 4036 973 4108 fuerat
984 4045 1025 4106 ut
1010 4034 1089 4106 tad
1108 4036 1219 4108 abba-

123 4129 215 4204 tiam
230 4131 382 4229 proprie
396 4133 602 4231 pertineret
614 4133 732 4207 tercia
745 4158 834 4232 pars
849 4135 1074 4207 allodiorum
1089 4146 1219 4209 sancte

10 4247 13 4368 q
119 4229 393 4328 Waldetrudis,
429 4243 470 4306 ut
500 4260 569 4332 per
602 4233 707 4307 illam
743 4245 889 4332 partem
922 4236 992 4308 due
1023 4245 1150 4334 partes
1181 4236 1219 4308 in
