3002 4790
36 452 46 477 r
126 425 138 474 2'
237 483 241 494 .
331 439 421 512 uu·
618 433 1019 548 feretranam

24 670 45 723 χ
178 707 183 720 ,
242 642 419 710 tuarum
446 636 676 733 assignavit5
703 635 754 708 ita
782 639 879 734 qnod
899 635 1092 734 Philippus
1119 645 1259 708 terram
1286 633 1412 730 illam
1435 659 1459 706 a

333 740 448 812 fratre
468 762 537 811 suo
556 737 692 823 comite
710 736 928 811 Flandrensi
949 748 987 810 et
1008 735 1241 814 Hauoniensi
1261 745 1360 834 post
1382 759 1457 833 pa·

293 857 297 864 ·
332 840 399 913 tris
419 841 620 912 decessum
647 838 684 910 in
710 839 821 910 leorlo
845 838 935 935 ligio
960 847 1129 933 teneret,
1157 835 1307 935 etipsa
1337 847 1452 908 terra

335 940 498 1014 dominio
516 939 748 1012 Hanoniensi
767 941 985 1036 adderetur,
1011 961 1140 1018 comes
1160 934 1287 1010 autern
1308 939 1452 1013 Hanc·

336 1041 478 1116 niensis
497 1042 620 1138 ipsam
638 1050 779 1112 terram
795 1043 840 1113 ab
855 1039 1084 1138 imperatore
1098 1049 1255 1112 teneret.
1284 1040 1345 1110 Ad
1367 1039 1450 1111 hec

336 1166 465 1215 comes
484 1141 738 1214 Hanoniensis
757 1141 1059 1237 sapientissimus
1080 1150 1258 1238 egrotans
1278 1139 1448 1238 compo·

277 1272 279 1277 ·
337 1244 413 1316 suit
439 1267 524 1316 curn
550 1241 625 1338 lilio
654 1267 723 1315 suo
742 1242 921 1314 Balduino
944 1241 1080 1316 comite
1098 1241 1336 1338 Flaudrensi,
1362 1242 1448 1314 ubi·

108 1387 109 1394 κ
217 1347 258 1408 '‘f·
271 1355 324 1408 95‘-
337 1367 498 1442 cumque
517 1334 697 1416 'locorum
718 1342 919 1416 constituto
938 1345 1020 1442 ipso
1043 1341 1180 1415 comite
1198 1343 1444 1438 Flandrensi,

23 1441 41 1468 l
60 1435 73 1450 '⁴
336 1446 432 1543 quod
452 1445 598 1540 omnia,
624 1468 695 1542 que
714 1444 797 1542 ipse
817 1467 945 1520 comes
965 1443 1216 1516 Hauoniensis
1236 1442 1273 1516 in
1293 1445 1445 1518 elemo

337 1547 440 1618 sinas
459 1544 733 1626 distribuendas
754 1545 844 1616 etin
865 1545 987 1618 debita
1006 1545 1187 1621 solvenda
1206 1545 1296 1617 etin
1319 1550 1443 1618 bene·

335 1645 430 1718 liciis
448 1647 576 1744 pueris
603 1645 681 1718 suis
710 1645 947 1719 conferendis
972 1645 1208 1743 assignaret,
1234 1649 1303 1718 sub
1325 1649 1442 1721 Cam·

329 1747 581 1820 beronensis1
609 1757 647 1818 et
664 1746 793 1820 Sancti
811 1744 976 1839 Gisleni²
994 1749 1170 1820 abbatum
1198 1746 1439 1820 etWillelmi

336 1848 461 1920 fratris
482 1846 540 1920 sui
560 1858 596 1919 et
614 1847 782 1921 Nicholai
798 1850 844 1920 de
859 1845 1130 1945 Barbencione,
1148 1845 1268 1920 fidelis
1290 1856 1328 1920 et
1350 1873 1440 1948 eon-

294 1949 296 1952 ’
337 1947 535 2046 sanguinei
555 1948 633 2044 sui,
655 1948 885 2045 testimonio,
909 1948 993 2047 ipse
1011 1971 1140 2022 comes
1159 1949 1333 2022 Flandrie
1354 1962 1436 2023 rata

336 2054 557 2122 observaret
589 2045 809 2146 firmiusque
834 2060 1147 2146 prosequeretur,
1175 2050 1274 2122 unde
1300 2075 1436 2125 comes

334 2149 573 2223 Flandrensis
600 2152 644 2222 ad
670 2149 942 2223 ordinationem
969 2149 1192 2250 patrissui,
1220 2149 1292 2222 lide
1320 2151 1437 2226 inter·

288 2303 292 2314 .
334 2249 465 2349 posita
499 2251 684 2350 tactisque
729 2249 1004 2346 sacrosanctis,
1046 2251 1299 2324 iuramentum
1345 2255 1435 2327 lecit

336 2351 551 2450 scriptoque
577 2361 614 2424 et
638 2351 760 2450 sigillo
788 2355 857 2425 su'o
885 2349 1130 2426 confirmavit.
1157 2361 1158 2364 ’
1182 2353 1271 2426 lnde
1300 2377 1433 2428 comes

333 2453 417 2550 ipse
437 2451 675 2526 Fland1·ensis
697 2477 781 2525 curn
801 2453 977 2527 militibus
998 2453 1124 2527 multis
1144 2456 1190 2527 ad
1212 2455 1355 2526 ‹lomini
1376 2457 1435 2532 sul

335 2553 437 2652 regis
455 2553 609 2626 Francie
629 2553 805 2625 auxilium
825 2542 1049 2650 properavit.

410 2654 591 2727 Dominus
612 2653 786 2751 equidem
811 2677 940 2726 comes
963 2653 1233 2751 Hauoniensis,
1260 2657 1434 2748 marchio

333 2755 617 2852 NamurcensiS,
637 2764 815 2852 egrotans
834 2754 1035 2852 Montibus,
1054 2755 1230 2854 princeps
1248 2758 1434 2854 potentis·
1475 2803 1477 2852 p

334 2855 453 2929 simus
482 2868 520 2929 et
548 2881 568 2928 a
594 2857 672 2928 suis
698 2856 968 2951 amatissimus,
994 2855 1105 2929 saluti
1132 2856 1257 2929 anime
1277 2881 1345 2930 sue
1366 2883 1433 2931 vo·
1476 2859 1477 2950 l

331 2956 416 3030 lens
436 2957 655 3056 providere,
681 2955 888 3029 debitorum
916 2981 1070 3030 suorum
1096 2957 1322 3034 solutionem
1340 2981 1434 3034 con.-
1476 2955 1477 2970 ³

332 3082 427 3154 grue
446 3068 484 3131 et
509 3067 718 3155 opportune
736 3057 934 3155 ordinavit,
951 3057 1102 3156 filieque
1121 3081 1190 3131 sue
1209 3057 1336 3132 Sibilie
1355 3061 1433 3132 vir·
1474 3099 1477 3170 p

280 3203 282 3207 -
332 3157 409 3255 gini
435 3161 507 3232 duo
530 3157 631 3230 milia
650 3160 826 3231 marchas
854 3159 1001 3255 argenti
1024 3156 1243 3256 assignavit.
1290 3160 1345 3233 De
1365 3165 1430 3236 de·
1463 3157 1477 3244 'l

332 3259 408 3332 bito
437 3269 564 3349 autem
593 3260 826 3356 supradicto,
865 3261 961 3357 quod
991 3259 1024 3331 ei
1053 3259 1227 3334 dominus
1252 3260 1427 3337 Albertus
1475 3299 1477 3358 r

330 3359 553 3442 Leorliensis
579 3359 794 3457 episcopus,
821 3359 917 3432 sicut
943 3359 1197 3459 supradictum
1218 3371 1289 3452 est,
1316 3365 1426 3445 debe,-
1476 3367 1477 3432 i

271 3455 272 3458 '
331 3464 406 3554 bat,
432 3460 674 3533 medietatem
702 3464 845 3535 duobus
862 3460 949 3534 filiis
977 3462 1069 3556 suis,
1094 3461 1264 3561 Philippo
1283 3463 1426 3536 scilicet
1476 3455 1477 3476 ³

331 3570 369 3633 et
386 3560 569 3655 Henrico,
596 3561 707 3634 aliam
726 3585 815 3634 vero
835 3562 1079 3636 medietatem
1106 3562 1238 3635 maiori
1264 3565 1425 3638 ecclesie
1476 3569 1477 3574 ’

328 3659 527 3734 Leodiensi
556 3662 783 3761 assignavit,
810 3673 851 3736 ut
876 3662 914 3735 in
942 3688 1037 3762 opus
1064 3664 1303 3762 monasterii,
1328 3670 1437 3763 quorl‘

298 3783 300 3787 ·
328 3784 470 3854 novum
489 3767 745 3860 reparabatur,
770 3775 1063 3838 converteretur.
1108 3763 1313 3863 Puerisque
1332 3768 1420 3862 suis,

328 3886 487 3961 quorum
506 3867 688 3960 quosdam
707 3890 782 3944 non
803 3867 848 3940 de
868 3890 983 3939 uxore
1002 3889 1085 3961 sua,
1110 3869 1177 3940 sed
1196 3868 1242 3938 de
1262 3866 1420 3940 mulieri·

326 3967 396 4038 bus
423 3964 612 4040 nobilibus
634 3977 839 4064 genuerat,
874 3968 970 4039 bona
998 3969 1158 4064 quedam
1193 3967 1418 4064 assignarim
1476 3975 1477 4000 ³

327 4065 656 4166 servientibusque
682 4067 762 4142 suis
793 4070 839 4141 de
871 4069 977 4142 bonis
1010 4067 1088 4142 suis
1127 4068 1414 4166 impertiebatur.

326 4166 403 4238 Res
429 4178 555 4245 autem
584 4193 673 4243 suas
699 4168 877 4266 mobiles,
897 4170 1056 4244 scilicet
1084 4178 1259 4266 segetes„
1290 4194 1419 4268 equos,

327 4291 351 4363 ll
375 4292 506 4348 Danielis.
580 4295 607 4366 2)
628 4294 764 4366 Hugoois.
