3066 4788
281 434 309 504 8
697 425 981 500 GlSLEBERTl

281 626 401 690 indicio
424 635 455 688 et
477 643 588 688 eorum
610 624 816 688 subveniente
833 623 982 710 ,consilia
1004 623 1136 699 teusset,
1157 625 1270 688 intuitu
1293 625 1379 688 cari-

281 710 355 773 tatis
384 715 415 772 et
440 707 613 771 elemosine
642 706 714 768 (ledi
745 706 878 770 ecclesie
904 706 1005 770 sancti
1033 707 1146 770 Albani
1178 708 1210 768 in
1238 707 1378 770 Namuco

284 811 416 875 quoquo
438 809 522 853 anno
545 792 586 855 24
609 789 729 854 solidos
752 790 954 852 denariorum
978 790 1179 852 Namucensis
1202 797 1327 852 moneto
1350 792 1380 851 in

282 875 431 939 censibus
462 873 539 936 mois
562 872 698 935 darilla
720 881 752 934 et
775 873 910 936 barbata
932 882 1013 953 que¹
1034 871 1199 935 Novarilla
1230 874 1382 935 nomina-

282 964 370 1029 tur²‚
404 959 448 1018 ita
469 956 598 1040 inquam
622 956 708 1040 quod
733 957 773 1021 12
787 954 930 1018 solidos³
951 957 983 1016 in
1006 955 1102 1018 natali
1125 954 1265 1031 Domini,
1289 965 1319 1017 et
1342 957 1381 1021 12

281 1040 425 1105 solidos³
443 1039 476 1100 in
494 1037 577 1102 sesto
593 1037 693 1102 sancti
706 1037 858 1101 lobannis
880 1037 1014 1118 baptiste
1035 1037 1105 1118 ipsa
1126 1039 1261 1102 ecelesia
1283 1037 1383 1100 sancti
1408 1091 1411 1096 .

283 1123 397 1186 Albani
419 1122 488 1186 sine
509 1120 697 1184 difficultate
719 1121 827 1201 alique
849 1130 880 1183 et
902 1121 1055 1184 dilatione
1076 1119 1217 1202 accipiat.
1257 1118 1384 1184 Denarii

307 1206 413 1268 uidem
435 1204 481 1265 illi
501 1203 533 1265 in
555 1203 787 1283 reparationem
807 1203 905 1284 ipsius
925 1203 1056 1266 ecclesie
1078 1204 1283 1267 convertendi
1301 1212 1383 1268 sunt.

283 1228 318 1350 ii
340 1305 416 1351 vero
439 1286 526 1349 nulla
548 1285 759 1366 reparationis
781 1284 950 1349 necessitas
973 1287 1162 1365 apparuerit,
1185 1287 1245 1366 ipsi
1261 1286 1384 1348 denarii

284 1372 317 1432 in
350 1369 506 1434 luminare
539 1368 674 1432 ecclesie
711 1375 943 1434 convertentur.
985 1369 1025 1430 Ut
1052 1378 1157 1432 autom
1186 1369 1252 1430 hoc
1280 1377 1383 1430 ratum

286 1453 459 1529 habeatur,
494 1459 525 1514 et
549 1450 733 1514 inviolatum
757 1459 961 1532 permanent,
994 1452 1112 1532 scripto
1140 1456 1323 1513 annotatum
1354 1457 1386 1513 et

283 1534 380 1618 sigilli
409 1535 471 1598 mei
500 1533 697 1616 appensione
725 1535 882 1616 signatum
912 1533 1096 1596 confirmavi
1133 1542 1165 1596 et
1200 1534 1384 1613 subscriptis

286 1619 417 1681 testibus
454 1626 518 1679 tam
555 1617 713 1680 nobilibus
750 1635 844 1698 quam
883 1615 1135 1679 ministerialibus
1171 1616 1386 1680 corroboravi.

284 1702 415 1782 Signum
441 1699 610 1762 nobilium:
632 1699 785 1762 Willelmi
811 1700 915 1764 fratris
942 1701 1014 1774 mei,
1036 1699 1158 1762 Nicolai
1181 1700 1219 1758 de
1242 1699 1387 1761 Barban-

286 1784 382 1857 tione,
405 1782 605 1846 Clarenbaldi
622 1783 662 1845 de
676 1783 826 1860 Alterura,
849 1781 992 1856 (iurandi,
1015 1780 1123 1844 Alardi
1145 1789 1176 1842 et
1196 1780 1323 1842 Henrici
1345 1782 1385 1846 de

286 1868 387 1940 Mula,
417 1866 564 1947 Symonis
586 1866 627 1926 de
649 1867 790 1940 Mosam,
821 1865 953 1944 Nicolay
977 1866 1016 1924 de
1039 1862 1161 1941 Goslin,
1190 1861 1323 1943 Philippi
1347 1864 1386 1926 de

287 1949 419 2010 Werda.
462 1945 589 2026 Signum
623 1947 891 2009 ministerialium:
927 1946 1082 2008 Willolmi
1110 1955 1141 2007 et
1169 1945 1323 2025 Nyebolai
1346 1947 1387 2007 de

286 2030 459 2110 Migbesiis,
487 2029 615 2092 Henrici
639 2031 679 2090 de
700 2029 865 2109 Aucrepia‚
895 2030 990 2090 lberti
1012 2029 1052 2090 de
1073 2032 1137 2110 Aps
1160 2036 1191 2089 ct
1212 2029 1308 2090 lberti
1331 2028 1386 2090 filii

287 2113 368 2178 eius.
403 2111 532 2193 Signum
548 2111 750 2174 elericorum:
773 2111 936 2174 Gilleberti
951 2110 1057 2174 Sancti
1072 2110 1220 2173 Germani
1243 2111 1387 2174 101100-

288 2196 371 2258 tibus
405 2203 437 2256 et
464 2193 571 2257 Sancti
597 2195 711 2256 Albani
739 2195 776 2256 in¹
802 2195 943 2256 Namueo
976 2194 1131 2275 prepositi
1168 2202 1199 2256 et
1235 2196 1387 2270 custodis,

287 2277 459 2354 Hermanni
474 2276 585 2339 deceni
599 2276 703 2339 Sancti
715 2276 839 2343 Albani.
882 2280 992 2339 Actum
1010 2296 1067 2356 per
1085 2295 1210 2340 uranum
1223 2276 1387 2339 Gilleberti

287 2359 420 2441 predicti
442 2361 473 2419 in
496 2361 621 2422 Hainoa
645 2366 676 2420 et
695 2358 728 2420 in
750 2361 888 2421 Namuco
912 2358 1091 2422 cancellarii
1114 2359 1185 2432 mei,
1213 2378 1297 2420 anno
1321 2360 1388 2421 (1.1.

267 2443 387 2514 1192,
418 2439 574 2502 Celestino
601 2459 685 2521 papa
717 2443 815 2502 tercio
845 2445 984 2504 Romane
1012 2439 1143 2503 ecclesie
1171 2440 1387 2519 pontificatum

287 2531 428 2605 gerente,
450 2521 588 2585 Henrico
618 2530 708 2585 sexto
736 2523 930 2602 imperatore
952 2531 1086 2603 augusto
1107 2523 1259 2586 Romanis
1282 2523 1388 2604 impc-

288 2612 388 2669 rante.
417 2641 456 2652 -
488 2605 543 2666 110
570 2606 762 2667 chartulario
789 2606 823 2667 S.
851 2606 964 2667 Albani
991 2625 1076 2670 saec.
1099 2605 1181 2670 XIV.
1206 2607 1239 2667 iu
1261 2609 1388 2684 arabico

288 2689 486 2752 Bruxellensi
507 2696 671 2750 asservato
690 2686 716 2772 f.
736 2689 798 2752 30¹.
841 2689 949 2769 Aeque
969 2690 1123 2750 iuvenitur
1143 2690 1176 2749 ia
1198 2689 1388 2754 chartulario

291 2773 326 2837 S.
358 2772 472 2832 Albani
503 2771 620 2833 nrcbici
651 2771 853 2833 Namuceusis
870 2774 902 2851 f.
930 2775 950 2834 7
979 2771 1035 2834 Nr.
1059 2772 1107 2836 19.
1174 2773 1265 2851 Tppis
1297 2774 1389 2835 ualde

289 2856 436 2916 mendose
458 2855 565 2916 dutum
586 2855 673 2933 apud
692 2854 842 2916 Miraearu
861 2854 889 2930 I,
912 2855 984 2919 294.
1326 2857 1386 2922 lu.
1489 2882 1495 2892 ·

376 2938 466 3002 1193.
511 2937 683 2998 Balduiuus
706 2935 739 3001 V.
762 2940 900 3015 prorepit
933 2936 1153 3000 0001001008.
1181 2937 1388 3000 Waldetruclis

289 3019 483 3088 1100100000Ι
493 3027 605 3081 coutru
624 3019 759 3082 homiues
774 3022 813 3082 de
828 3019 966 3084 Biucbio.
1009 3020 1095 3082 Inter·
1116 3026 1211 3082 testes
1232 3041 1388 3084 meruera-

288 3111 357 3166 tur:
374 3101 563 3166 Gillebertus
578 3104 769 3184 prepositus.
786 3137 826 3148 -
841 3105 1017 3167 Duvioiert.
1028 3124 1055 3164 c.
1068 3123 1102 3182 p.
1114 3105 1176 3168 654
1187 3123 1234 3183 sq.
1257 3105 1313 3168 Nr.
1329 3105 1387 3169 150

289 3187 402 3248 senice.
1276 3233 1279 3238 -
1322 3189 1387 3253 13.

375 3269 466 3332 1193.
510 3269 645 3329 Donatio
670 3267 856 3330 Clementiae
882 3269 920 3328 de
944 3269 1094 3343 Goepnies
1119 3270 1306 3332 monasterio
1326 3270 1388 3330 At-

289 3351 378 3411 ueusi
394 3351 494 3428 facta.
523 3347 625 3408 Huius
646 3349 691 3409 rei
713 3358 807 3410 testes
827 3358 915 3409 sunt:
940 3385 974 3397 -
999 3347 1188 3426 Gillebertus
1210 3350 1387 3431 prepositus

291 3432 331 3492 de
362 3430 463 3576 Mpps.
497 3463 536 3476 -
569 3430 607 3490 10
638 3432 769 3509 repostis
801 3432 887 3509 apud
911 3431 1063 3492 Deoillers
1095 3433 1114 3494 1.
1144 3451 1172 3492 0.
1204 3431 1229 3492 1.
1258 3453 1293 3512 p.
1319 3436 1387 3500 104.

291 3515 390 3577 atr-,3
435 3560 442 3575 .
1322 3521 1386 3584 111.

378 3594 468 3660 1194.
501 3593 690 3659 1010000010.
716 3595 889 3657 Balduiuus
902 3594 935 3657 V.
947 3597 1387 3675 probardonotiouemabba·

290 3678 355 3739 tiae
369 3677 583 3740 Altimoutenei
593 3697 655 3756 per
665 3678 851 3740 Balduinum
867 3679 904 3740 de
921 3679 1039 3742 Sancto
1052 3681 1189 3759 Remiqio
1201 3683 1330 3761 factam.
1348 3717 1386 3726 -

290 3761 415 3822 Testes:
439 3757 630 3821 Gislebertus
645 3761 816 3822 Montensis
839 3771 870 3822 et
890 3762 1092 3844 Namncensis
1116 3764 1323 3843 praepositus.
1347 3797 1386 3809 -

289 3843 327 3904 Iu
348 3843 481 3921 repostis
503 3844 589 3920 opud
608 3843 760 3906 Deuillers
782 3847 801 3908 1.
825 3865 851 3908 0.
873 3843 932 3921 III,
956 3845 1026 3910 137.
1051 3847 1120 3910 138.
1324 3849 1385 3914 111.

378 3926 468 3990 1194.
500 3923 739 4004 Oomprnmissio
752 3929 834 3989 iuter
853 3928 1017 3989 ecclesiam
1031 3929 1285 4008 Masaucionem,
1307 3931 1387 3992 Bul-

289 4008 415 4069 duiuum
436 4009 468 4069 V.
491 4017 522 4070 01
543 4009 705 4071 Nicolaum
728 4011 767 4072 de
787 4012 923 4072 Ruminio
944 4012 983 4072 de
1004 4030 1128 4074 nemore
1150 4013 1190 4073 de
1211 4014 1387 4078 Breieroie.

289 4090 377 4152 Inter
397 4099 493 4154 testes
513 4101 719 4154 memoratur:
740 4092 927 4156 Gillebertus
943 4094 1114 4156 Montensis
1130 4100 1162 4155 et
1184 4094 1386 4157 Namucensis

292 4225 317 4299 l)
337 4198 542 4282 et'cuarruure.
615 4201 701 4301 21010
720 4231 830 4287 chartul.
905 4229 931 4300 3)
952 4230 1029 4285 solidi
1050 4233 1161 4288 ubertat.
