3002 4790
330 417 604 492 ennonroon
631 359 943 491 Hanoniensi.
1111 419 1184 494 ιιι)

74 619 170 692 nire
190 620 226 692 in
247 630 456 718 posterum,
484 618 616 693 honori
644 643 711 693 suo
730 618 928 692 ascribens
953 621 1051 718 quod
1072 619 1186 691 homo
1201 635 1282 691 1192.

73 725 129 794 ad
151 725 364 819 regendum
384 731 528 794 tantum
545 720 805 819 episcopatum
822 721 891 794 sibi
905 723 1186 795 consecrandus

73 823 422 920 transmitteretur,
442 822 502 921 qui
519 825 648 896 desua
664 820 815 917 dyocesi
835 846 910 893 non
926 831 1042 916 esset,
1061 821 1186 919 ipsum

75 924 284 996 Albertum
303 948 435 997 mense
450 922 662 1022 Septembri
681 924 718 996 in
738 925 976 1019 sacerdotem
992 921 1188 1019 ordinavit,

81 1035 124 1097 et
143 1025 453 1099 inbeodiensem
477 1024 698 1124 episcopum
722 1021 990 1096 conseo-avite
1023 1023 1105 1110 Quo
1125 1048 1188 1095 au·
1302 1115 1304 1128 Ι

79 1127 163 1199 dito
181 1125 361 1199 'dominus
378 1127 586 1225 imperator
602 1125 784 1198 Leodium
806 1125 928 1220 venit,
958 1136 997 1197 ut
1022 1123 1188 1197 Lotharii

81 1227 201 1299 electi
229 1227 286 1300 sui
313 1229 349 1300 in
377 1227 517 1300 Leodio
544 1251 699 1300 causam
728 1239 986 1324 promoveret,
1013 1235 1050 1298 et
1068 1230 1113 1299 ab
1134 1224 1188 1298 eis

81 1328 149 1424 qui
169 1326 370 1401 fidelitates
391 1329 518 1402 facere
545 1332 747 1426 negabant,
771 1328 1004 1400 voluntatem
1025 1350 1131 1401 suam
1153 1336 1191 1399 et

81 1429 290 1502 fidelitates
317 1430 465 1502 illorum
492 1431 621 1502 haberi
649 1429 804 1522 faceret,
832 1438 870 1500 et
890 1440 929 1500 ut
954 1429 1052 1500 inter
1078 1427 1190 1500 comi-

81 1540 168 1602 tem
181 1531 465 1604 Hanoniensem
487 1542 523 1604 et
542 1531 746 1604 Henricum
761 1533 895 1602 ducem
911 1530 1189 1616 Lovaniensem

86 1654 209 1730 super
234 1631 311 1704 suis
338 1631 534 1705 discordiis
561 1643 815 1728 componeret.
859 1631 988 1728 ltaque
1014 1631 1189 1702 dominus

85 1734 300 1830 imperator
313 1731 670 1828 menseSeptembri
683 1732 862 1803 Leodium
879 1733 993 1822 venit,
1013 1734 1057 1802 ad
1077 1746 1276 1828 quemsept

50 1837 52 1842 ’
89 1857 223 1907 comes
242 1833 415 1906 Flandrie
435 1843 472 1906 et
496 1831 749 1905 Hanoniensis
781 1843 818 1904 et
846 1832 1014 1904 marchio
1034 1821 1244 1904 namur-²⁴·

89 1934 218 2008 censis
250 1934 387 2007 ibidem
423 1934 607 2026 accessit,
642 1932 957 2031 quemdominus
985 1933 1191 2030 imperator

92 2061 226 2109 secum
252 2038 350 2133 apud
374 2035 611 2108 Traiectnm²
636 2033 796 2107 deduxit.
840 2033 893 2106 lbi
921 2034 1093 2106 dominus
1121 2032 1189 2104 im·

89 2147 243 2234 perator
262 2136 436 2209 comitem
456 2135 738 2208 Hanoniensem
755 2159 839 2207 cum
854 2139 949 2208 duce
963 2133 1190 2208 Lovaniensi

90 2239 128 2309 in
149 2237 250 2309 hunc
268 2239 421 2308 modum
442 2235 713 2331 concordavit³,
733 2239 830 2333 quod
850 2240 923 2307 dux
942 2233 1190 2309 Lovaniensis

94 2337 219 2410 comiti
245 2337 475 2410 Hanoniensi
508 2338 637 2434 viliaS,
671 2337 815 2410 scilicet
841 2336 1005 2410 Thienas
1032 2336 1070 2408 in
1097 2337 1191 2410 Has·

92 2439 201 2513 banio
222 2450 259 2511 et
278 2437 437 2536 Lerunt,
464 2463 557 2538 quas
579 2438 613 2510 ei
633 2450 744 2510 antea
764 2461 893 2510 comes
913 2437 1029 2510 libere
1050 2446 1087 2510 et
1107 2441 1211 2535 per-'

92 2551 204 2638 petuo
223 2543 407 2614 tenendas
424 2549 679 2636 concesserat,
697 2535 853 2637 prors'us
871 2538 1020 2635 dimisit,
1040 2548 1078 2610 et
1095 2537 1188 2636 ipsis

92 2643 188 2714 viliis
208 2642 360 2716 omnino
380 2641 675 2736 abrenunciavit,
699 2651 735 2713 et
754 2642 829 2714 700
847 2641 1022 2713 marchas
1041 2639 1190 2736 argenti

94 2767 162 2840 per
186 2743 310 2839 ipsum
337 2740 605 2840 imperatorem
637 2741 720 2814 duci
746 2740 972 2814 Lovaniensi
1001 2765 1020 2812 a
1051 2739 1188 2813 comite

95 2846 212 2938 datas,
232 2852 269 2914 et
294 2852 426 2940 postea
445 2845 520 2916 500
539 2843 713 2914 marchas
733 2866 802 2940 per
821 2841 997 2914 comitem
1015 2840 1187 2914 Flandrie

95 2943 305 3040 Philippum
336 2945 464 3038 datas,
500 2941 626 3015 comiti
652 2942 885 3015 Hanoniensi
919 2945 1078 3015 reddere
1114 2945 1188 3015 dux

95 3043 350 3116 ‘Lovaniensis
370 3043 530 3141 pepigit,
555 3067 684 3118 comes
704 3053 830 3114 autem
851 3042 1102 3115 Hanoniensis
1123 3043 1229 3116 hor.
1244 3064 1292 3119 85.

97 3145 248 3217 minium
269 3145 381 3218 castri
402 3147 447 3216 de
461 3143 635 3240 Anghien
656 3143 690 3214 ei
709 3143 966 3228 rehabendum
987 3142 1188 3240 concessit,

98 3250 252 3343 dequo,
280 3257 321 3318 ut
347 3246 601 3344 supradictum
631 3254 707 3340 est,
743 3243 793 3316 ita
814 3242 1065 3342 compositum
1095 3253 1188 3341 erat,

6 3375 8 3400 ι
99 3349 188 3446 quod
208 3347 457 3444 Englebertus
477 3350 522 3421 de
542 3346 729 3443 Anghien,
756 3344 874 3442 ipsius
896 3345 1008 3417 castri
1036 3368 1188 3441 posses·

6 3505 8 3544 p
99 3473 167 3545 sor,
194 3449 337 3522 nullum
363 3449 445 3521 duci
475 3458 601 3522 contra
631 3447 808 3519 comitem
836 3445 1120 3520 Hanoniensem
1149 3447 1186 3518 in

6 3601 7 3604 ,
100 3561 215 3622 castro
232 3551 293 3622 itto
313 3551 428 3622 ferret
447 3550 639 3644 auxilium,
658 3573 729 3621 neo
749 3547 874 3619 comiti
891 3558 1018 3620 contra
1039 3550 1185 3622 ducem.

99 3652 338 3748 Recognitum
356 3661 481 3723 autern
499 3652 534 3722 in
551 3653 684 3724 eadem
698 3648 972 3746 compositione
987 3648 1068 3746 fuit,
1087 3652 1199 3748 quod

101 3756 165 3826 dux
191 3751 439 3826 Lovaniensis
467 3752 504 3824 in
537 3760 636 3824 terra
664 3753 710 3824 de
738 3749 844 3823 Alost
878 3753 1039 3847 quedam
1075 3750 1186 3822 feoda

6 3845 8 3868 '
99 3855 265 3950 habebat,
292 3856 391 3926 unde
416 3852 665 3951 compositum
692 3851 772 3943 fnit,
800 3855 896 3948 quod
916 3851 1013 3924 filius
1033 3849 1187 3948 quintet

6 3963 8 4042 ξ
101 3955 237 4028 comitis
256 3954 508 4030 Hanoniensis
538 3979 581 4027 ea
602 3978 623 4027 a
643 3955 737 4026 duce
755 3951 981 4026 Lovaniensi
1008 3951 1045 4023 in
1074 3951 1184 4024 feodo

102 4139 126 4208 1)
142 4138 237 4193 Remis.
258 4139 391 4194 Sacerdos
419 4139 557 4194 ordinatus
585 4148 626 4191 est
654 4135 727 4208 Sept.
758 4137 804 4200 te,
843 4138 984 4206 episcopus
1014 4141 1186 4188 consecratus

102 4212 166 4284 Sept.
185 4213 230 4265 20.
251 4231 274 4268 a.
295 4214 374 4266 1192.
448 4213 475 4281 2)
495 4210 660 4267 Maastricbt.
735 4209 762 4276 3)
781 4209 912 4280 aegidius
931 4208 1100 4263 aaronem.
1119 4206 1139 4261 1.
1159 4225 1186 4262 c.

102 4305 126 4360 p.
144 4286 193 4339 152
212 4303 251 4356 sq.
271 4286 339 4342 baec
358 4285 451 4341 Leodii
470 4287 540 4341 facta
561 4302 619 4340 esse
639 4293 739 4340 narrat.
