3066 4788
379 406 657 482 CHRONICON
683 407 995 484 HArrorttuNsu.
1188 409 1237 484 es

136 605 317 680 densibus
356 630 464 703 esse,
498 619 626 682 tamen
658 607 741 706 ipse
764 607 968 682 balduinus
996 630 1081 679 cum
1108 605 1236 705 probis

4 750 9 768 ·
136 730 232 806 quos
267 730 399 780 secum
435 707 599 782 habebat
635 709 832 804 militibus,
867 710 914 784 ad
945 718 1092 807 partem
1122 707 1237 780 Fran·

137 831 267 882 corum
287 807 350 906 qui
369 808 417 882 ibi
432 809 542 908 pauci
560 820 681 907 erant,
700 814 747 884 ob
761 833 960 882 rancorem
975 832 1088 906 quern
1105 817 1237 880 contra

136 908 314 982 comitem
332 909 504 984 Fiaudrie
523 919 561 984 et
579 934 670 984 suos
689 913 866 1006 habebat,
889 909 1073 1006 transivit,
1092 907 1236 981 comiti·

135 1033 208 1107 que
226 1009 400 1110 Fiandrie
426 1021 464 1083 et
486 1010 569 1084 eius
587 1011 737 1108 magnis
756 1011 896 1085 viribus
916 1010 1071 1082 viriiiter
1088 1007 1237 1082 restitit.

135 1110 274 1184 Comes
289 1121 417 1182 autem
430 1111 615 1209 flandrie,
636 1111 751 1185 nimia
766 1135 951 1185 accensus
966 1112 1034 1208 ira,
1053 1133 1138 1182 cum
1154 1109 1234 1182 suis

134 1210 350 1284 hominibus
376 1222 454 1286 tam
483 1211 668 1311 equitibus
697 1237 810 1311 quarn
839 1212 1024 1310 peditibus
1053 1209 1160 1308 quasi
1188 1212 1234 1283 ab

134 1311 275 1384 bellum
302 1311 481 1386 ordinatis
510 1314 663 1410 gravius
689 1313 842 1387 Francis
870 1323 909 1386 et
930 1311 1234 1385 Hanoniensibus

134 1435 335 1485 occurrere
355 1413 464 1512 cepit.
511 1415 620 1488 Miles
641 1424 769 1488 autem
788 1413 938 1512 quidam
958 1413 996 1485 in
1015 1411 1132 1486 armis
1151 1435 1236 1508 pro-

2 1515 4 1602 }
134 1512 314 1586 bissimus
336 1524 373 1587 et
391 1514 665 1612 atrocissimus,
688 1517 808 1614 ipsius
827 1513 998 1588 Balduini
1017 1512 1235 1608 commilito,

135 1612 336 1687 Gaufridus
369 1614 512 1688 scilicet
544 1616 748 1712 agnomine
777 1615 987 1711 meusne,
1021 1612 1234 1712 percipiens

2 1801 3 1806 Ἰ
134 1713 275 1786 domini
306 1713 365 1786 sui
391 1714 562 1787 ssatuuini
591 1727 629 1788 et
654 1740 810 1789 suorum
837 1715 1099 1788 imminentem
1125 1714 1237 1786 lesio·

135 1838 237 1914 nem,
266 1814 392 1887 comiti
410 1815 582 1888 Flandrie
601 1816 638 1888 in
659 1817 742 1889 forti
761 1816 895 1887 lancea
914 1837 1132 1908 occurrens,
1159 1813 1235 1886 ictu

135 1917 298 2011 quodam
317 1919 415 2013 quod
435 1916 644 2013 vulgariter
662 1918 708 1990 de
728 1913 860 1990 feltro¹
880 1914 1026 2012 dicitur,
1053 1914 1090 1986 in
1111 1914 1234 1986 medio

134 2016 299 2111 pectoris
326 2016 431 2088 illum
458 2019 663 2115 percussit3
691 2017 752 2115 qui
779 2016 858 2090 suis
884 2017 1044 2114 stipatus
1064 2024 1102 2087 et
1121 2039 1235 2112 supra

1 2203 2 2206 Ἴ
136 2138 275 2212 equum
294 2126 486 2212 retentus,
518 2119 622 2191 velut
650 2129 819 2192 mortuus
848 2117 908 2192 diu
936 2117 1049 2189 stetit.
1093 2116 1132 2187 ln
1161 2139 1234 2213 quo

135 2212 311 2287 conflictu
330 2216 412 2313 ipse
432 2241 562 2290 comes
580 2219 765 2313 flandrie,
792 2228 873 2290 uta
893 2217 1019 2288 multis
1039 2215 1236 2312 asseritur,

1 2343 2 2356 ³
81 2372 83 2376 .
135 2325 269 2413 captus
297 2316 638 2414 fuitet'detentus,
665 2321 733 2390 sed
760 2315 1013 2415 permissione
1039 2314 1236 2390 cuiusdam
1296 2360 1298 2362 ·

134 2416 241 2513 probi
269 2416 410 2512 militis,
437 2417 558 2514 Egidii
585 2418 729 2492 scilicet
753 2416 968 2513 denunoiu
995 2415 1128 2490 dicitur
1147 2439 1234 2488 eva·

133 2516 246 2613 sisse,
273 2517 434 2614 indeque
460 2518 665 2592 balduinus
694 2542 779 2591 cum
806 2517 959 2590 Francis
981 2527 1112 2590 contra
1128 2516 1235 2590 Flan-

134 2620 293 2690 drenses
313 2617 508 2691 victoriam
529 2619 665 2692 dicitur
681 2617 902 2692 obtinuisse.

210 2718 393 2792 Henricus
414 2744 542 2794 comes
556 2719 1083 2794 Namurciet'Lusceleborch
1102 2717 1138 2789 in
1158 2716 1234 2790 die·

135 2821 204 2890 bus
219 2817 291 2891 iltis
308 2831 437 2892 contra
452 2820 613 2892 iuratam
629 2819 1009 2919 compromissionem
1022 2842 1135 2916 quam
1148 2841 1235 2890 curn

132 2916 314 2991 Balduino
335 2921 526 3018 sepedicto
546 2922 683 2994 comite
699 2920 933 2994 Hanoniensi
957 2930 994 2992 et
1015 2920 1095 2992 eius
1118 2941 1233 2992 uxore

132 3018 240 3091 Alide
261 3044 468 3117 eorumque
486 3019 562 3092 filio
583 3021 764 3094 Balduino
783 3020 1001 3093 firmaverat
1020 3043 1136 3117 super
1155 3019 1233 3092 suis

133 3119 456 3217 possessionibus7
476 3130 516 3190 ut
529 3120 622 3192 satis
636 3122 845 3217 predictum
862 3130 934 3214 est,
948 3121 1002 3191 ire
1018 3143 1092 3190 non
1107 3119 1240 3190 formi·'

134 3222 243 3312 dans,
272 3218 473 3318 cupiditate
500 3220 706 3293 rehabendi
733 3219 946 3292 Traiectum
973 3218 1099 3290 villam
1120 3241 1235 3314 supra

132 3319 299 3416 Mosam,
331 3344 445 3416 quam
477 3331 599 3393 mater
631 3320 711 3394 eius
736 3317 1006 3393 Ermensendis
1039 3317 1236 3392 comitissa

135 3421 273 3517 etipse
292 3420 477 3494 Henricus
497 3425 596 3520 apud
614 3422 884 3520 imperatorem
899 3444 965 3518 pro
985 3421 1081 3494 1600
1096 3420 1233 3494 marcis

134 3520 281 3616 argenti
300 3520 661 3619 impignoraveraut‚
680 3523 804 3596 'duxit
819 3546 975 3594 uxorem
989 3523 1098 3595 valde
1114 3547 1233 3597 senex
1244 3538 1342 3594 ‘teca

133 3621 1232 3723 Agnetem‚filiamHenricinobilissimicomitisdeGhelra,

1 3755 3 3784 r
52 3789 57 3798 ,
134 3723 412 3818 sepenominati
437 3723 584 3800 comitis
603 3724 857 3798 Hanoniensis
876 3725 1045 3798 Balduini
1074 3751 1233 3800 consan-

133 3822 325 3918 guineam.
363 3823 436 3897 Sed
453 3824 537 3922 quia
555 3825 590 3896 in
607 3825 844 3898 matrimonio
865 3849 1092 3900 concessum
1111 3829 1234 3900 fuerat

133 3933 173 3994 et
193 3924 423 4019 promissum
443 3925 604 3998 Henrico
629 3925 755 3999 comiti
773 3929 1023 4000 Namurcensi
1049 3933 1146 4026 quod
1173 3955 1232 4002 co·

1 4075 3 4116 ³
135 4046 218 4096 mes
234 4027 280 4096 de
292 4024 444 4112 Ghelraq
460 4026 650 4099 mediante
664 4029 836 4126 pecunia,
852 4031 949 4128 apud
965 4029 1234 4128 imperatorem

136 4123 304 4197 efficeret
330 4128 427 4224 quod
452 4126 515 4199 iiie
538 4128 752 4203 Traiectum
777 4129 892 4203 libere
912 4133 1112 4226 rehaberet
1132 4177 1176 4190 -
1198 4145 1235 4210 et

1 4229 3 4290 ὲ
138 4249 163 4320 1)
185 4248 269 4304 Gallis
286 4251 382 4346 scutrc,
403 4255 481 4309 nobis
498 4255 551 4324 Νι.
