3002 4790
339 416 615 494 canonicos
637 411 952 490 hanoniensis.
1074 371 1075 375 ‘
1119 413 1225 486 ιιι
1275 411 1309 474 A

90 625 332 737 decesserat,
359 643 427 720 per
453 595 765 692 intercessionem
786 617 932 692 comitis
955 613 1125 690 Flandrie
1143 569 1284 686 lte-1191.

1 782 2 785 ,
94 717 1196 836 riusmerereturrecrperecomitrflanomensrconductum

96 826 261 918 faceret,
290 821 527 937 quiquidem
552 821 657 894 ducis
686 822 892 895 conductus
922 819 1043 892 eidem
1070 815 1196 902 comiti

96 921 334 1002 Hanoniensi
352 946 425 996 non
445 923 538 997 satis
558 945 674 996 sanus
693 921 841 1017 fuisset,
854 943 946 1008 cum
964 919 1056 1018 ipse
1067 917 1167 991 dux
1159 939 1195 990 ιιι

95 1025 205 1100 curia
218 1024 280 1098 illa
294 1023 435 1098 domini
454 1023 555 1122 regis
571 1023 699 1096 comiti
710 975 943 1096 Hanoniensi
958 1017 1196 1094 adversarius

96 1125 223 1200 extitit
238 1124 523 1200 manifestus.

173 1214 271 1302 Ειιιιι
300 1237 426 1300 autem
456 1208 586 1300 comes
610 1225 782 1320 Fiandrie
799 1235 839 1298 et
857 1221 1114 1296 Viromandis·
1112 1219 1197 1293 Ριιί-

96 1327 247 1441 lippus,
274 1327 331 1399 vir
355 1327 509 1401 illustris
534 1337 573 1400 et
598 1326 904 1441 potentissimus,
931 1329 1051 1400 bonos
1080 1321 1200 1395 eccis-

98 1427 246 1502 siarum
258 1437 299 1502 et
316 1429 511 1503 hominum
526 1427 766 1526 iusticiarius,
785 1451 896 1500 cruce
910 1423 1103 1499 Domini
1074 1447 1199 1522 signa-

102 1539 181 1626 tus,
197 1530 269 1603 iter
281 1529 647 1605 lherosolimitanum
667 1529 865 1628 arripiens,
883 1551 1015 1629 peram
1035 1538 1072 1599 et
1085 1530 1201 1600 bacu-

102 1631 182 1702 ium
202 1633 301 1726 apud
320 1629 540 1704 Gandavum
560 1630 792 1728 accepisset
805 1653 940 1703 mense
953 1623 1201 1726 Septembri¹,

102 1741 145 1804 et
162 1730 409 1844 presentibus
418 1730 554 1804 comite
568 1729 801 1803 Hanoniensi
820 1742 857 1803 et
875 1731 956 1802 eius
976 1753 1092 1801 uxore
1107 1728 1202 1798 Mar-

105 1833 265 1930 ghareta
286 1831 476 1906 comitissa
495 1843 534 1905 ct
550 1829 636 1904 filiis
652 1850 795 1904 eorum
789 1831 897 1929 ipse
914 1853 1043 1903 comos
1059 1840 1202 1902 terram

1 1983 2 1986 =
102 1957 216 2006 suam
245 1933 413 2006 custodie
448 1942 486 2006 et
521 1933 743 2031 protectioni
767 1955 893 2005 uacns
920 1955 988 2006 sue
1015 1926 1202 2004 Mathiidis

107 2035 240 2136 regine
261 2033 466 2130 commisit
495 2045 531 2108 et
556 2037 602 2108 de
620 2033 781 2132 pecarnis
801 2057 869 2107 sua
887 2033 1020 2106 valens
1040 2034 1089 2106 50
1104 2053 1205 2106 mar·

74 2145 82 2158 ’
104 2137 201 2211 chas
221 2135 368 2229 argenti
387 2159 518 2208 secum
538 2145 707 2248 portans,
727 2135 832 2207 uxori
850 2159 920 2208 sue
934 2132 1113 2228 Mathildi,
1131 2153 1203 2228 que

108 2259 152 2308 se
172 2235 343 2332 reginam
362 2235 547 2308 nominari
539 2236 739 2332 faciebat,
757 2239 807 2309 40
823 2235 1000 2310 marchas
1019 2232 1167 2308 dimisit

187 2337 325 2410 Comes
345 2359 434 2407 vero
454 2336 720 2432 Hanoniensis,
747 2347 890 2408 mutato
911 2335 1080 2430 consilio,
1107 2286 1241 2432 quodi

1 2472 2 2475 ¹
107 2439 208 2535 apud
228 2437 420 2512 dominum
439 2441 570 2534 regem
585 2437 841 2510 Romanorum
855 2435 949 2510 'tunc
967 2435 1149 2534 temporis
1168 2433 1204 2506 in

1 2557 2 2583 ³
112 2537 262 2636 propria
288 2562 451 2637 persona
472 2562 548 2610 non
575 2539 664 2635 iret,
691 2537 869 2612 clericum
890 2562 1000 2612 suum
1020 2537 1207 2610 Gislcber·

110 2649 211 2736 tum,
252 2639 373 2713 sancti
405 2638 623 2713 Germani
612 2665 650 2711 m
683 2639 869 2714 Moritibus
903 2639 1137 2754 prepositum
1171 2644 1208 2709 et

112 2750 254 2811 sancte
263 2740 515 2813 Waldetrudis
536 2743 752 2840 custodem,
779 2766 854 2840 pro
866 2766 908 2814 se
929 2740 1031 2814 misit
1049 2763 1134 2814 oum
1152 2738 1209 2810 lit·

113 2839 204 2912 teris
223 2833 399 2913 auunculi
417 2839 474 2914 sui
493 2864 627 2954 pacem
651 2841 789 2914 factam
808 2841 1153 2916 demonstrantibus
1173 2847 1210 2911 et

114 2963 181 3035 pro
207 2940 443 3038 promotione
463 2941 610 3014 comitis
629 2942 883 3016 Hanoniensis
909 2943 1144 3040 rogantibus,
1173 2950 1210 3012 et

83 3081 84 3086 ,
113 3065 200 3114 cum
218 3040 365 3114 litteris
371 3039 510 3114 domini
530 3042 764 3116 Coloniensis
783 3043 1057 3141 archiepiscopi
1076 3063 1209 3154 paoem

113 3151 153 3214 et
174 3141 280 3238 pacis
300 3143 460 3216 formam
485 3140 784 3217 testificantibus.
833 3143 901 3216 Cui
920 3142 1040 3216 eciam
1060 3141 1210 3215 domino

116 3242 330 3317 Coloniensi
343 3266 471 3316 comes
483 3243 735 3317 Hanoniensis
747 3243 958 3343 Philippum
973 3244 1091 3318 filium
1101 3267 1211 3318 suum

116 3367 183 3464 pro
203 3345 458 3418 monarchis
479 3344 561 3443 puri
579 3345 725 3442 argenti
752 3347 902 3419 domino
930 3345 1010 3444 regi
1034 3344 1213 3445 promissi

1 3531 2 3537 .
116 3447 169 3518 et
188 3444 309 3518 eidem
330 3445 614 3561 archiepiscopo
640 3447 824 3561 assignati
850 3447 886 3519 in
912 3448 1019 3520 vadio
1047 3449 1211 3520 dederat.
1223 3458 1259 3512 ι
1276 3456 1321 3512 tt.

117 3548 211 3622 Cum
237 3556 364 3619 autem
392 3547 550 3622 nuncius
575 3548 722 3621 comitis
742 3549 994 3622 Hanoniensis
1021 3547 1211 3660 predictus

7 3661 10 3668 '
117 3650 164 3721 ad
185 3646 375 3721 dommum
405 3670 535 3744 regem
555 3649 811 3722 Romanorum
836 3650 1086 3745 accessisset,
1113 3659 1151 3721 et
1178 3647 1214 3720 ci

119 3771 252 3846 pacem
281 3746 429 3838 comitis
457 3749 710 3823 Hanoniensis
745 3762 782 3824 et
816 3751 990 3825 avunculi
1020 3749 1079 3824 sui
1115 3750 1213 3847 apud

1 3861 2 3866 ’
120 3847 328 3922 11ιι11ιιιιι2
318 3873 355 3921 m
384 3833 520 3923 Suevia
548 3851 774 3950 aperuisset,
805 3852 979 3927 dominus
1007 3875 1073 3924 rex
1100 3865 1298 3946 supersept.

1 3958 9 4062 Ἰ
120 3949 181 4028 itta
206 3949 361 4046 gavisus
391 3961 460 4024 est.
515 3952 624 4024 Mane
659 3963 786 4026 autem
822 3956 921 4086 facto
957 3953 1118 4051 quadam
1155 3949 1298 4102 diepppi.

124 4130 199 4200 uv,
220 4130 298 4187 Coot
318 4131 414 4204 aquic.
434 4133 452 4187 1.
473 4152 497 4187 c
516 4151 543 4222 p.
563 4135 632 4190 426:
662 4135 809 4192 Cornea!
777 4081 903 4194 mandrie
929 4139 1059 4206 Philippus
1084 4136 1215 4190 mediante
1259 4180 1261 4184 .

121 4206 235 4274 Augusto
251 4205 388 4274 profectus
407 4212 447 4260 ert
464 4213 492 4262 ct
509 4224 535 4261 ιιι
554 4209 633 4265 Italia
650 4212 786 4282 hyemavit
808 4228 832 4264 ι.
843 4209 952 4265 Toccbe
971 4210 989 4264 1
1003 4229 1027 4266 c.
1040 4228 1066 4281 p.
1079 4208 1140 4264 159.
1153 4207 1213 4262 16⁰.

124 4277 184 4332 164.
236 4279 285 4350 ·2)
305 4277 494 4332 Schwdbisoh-
497 4279 569 4336 Hall.
