3002 4790
328 390 402 464 250
738 381 1015 462 GlSLEBERTl

149 639 153 648 -
192 633 193 636 =
238 589 475 668 imnustrie
497 589 597 688 oepit
622 598 658 662 et
677 598 829 687 captum
847 587 999 662 domino
1025 586 1241 686 imperatori
1271 557 1476 690 pressu-l

66 687 91 730 '³⁵²³‘
122 727 123 730 ¹
151 711 152 716 ’
325 690 452 787 tavit¹,
480 714 524 763 ea
552 689 764 764 conditione
784 701 823 763 ut
841 688 979 788 proprii
999 689 1166 788 corporis
1185 688 1345 763 malurn
1375 701 1477 760 non*

325 801 536 889 pateretur,
571 792 639 866 sed
672 795 718 865 ad
747 791 1046 890 redemptionem
1073 788 1248 888 compelli
1286 799 1455 888 posset

325 891 397 980 Qui
416 896 568 967 demum
588 917 653 966 rex
671 893 808 990 Anglie
826 916 917 991 erga
936 892 1129 965 dominum
1152 891 1452 988 imperatorem

326 1017 370 1068 se
388 994 425 1067 in
445 994 606 1093 pecunia
627 995 802 1083 redemit,
829 1005 867 1068 et
893 992 966 1092 ipsi
992 992 1209 1092 imperatori
1228 995 1341 1064 dono
1374 996 1452 1065 100
1476 1029 1477 1034 ,

324 1095 425 1168 milia
446 1097 621 1169 marchas
641 1095 789 1193 argenti
809 1119 947 1193 magno
962 1097 1099 1194 pondo,
1119 1103 1157 1168 et
1171 1091 1447 1168 duci-Austris

324 1197 373 1272 50
401 1197 502 1270 milia
529 1198 705 1270 marchas
733 1198 853 1293 dedit,
891 1206 926 1269 et
953 1196 1103 1269 domino
1132 1193 1368 1293 imperatori
1409 1193 1446 1266 in

323 1297 502 1371 auxilium
522 1298 707 1372 exercitus
723 1297 782 1371 sui
801 1298 839 1370 in
853 1297 1026 1396 Apuliam
1045 1297 1176 1394 galeas
1196 1319 1282 1370 cum
1305 1295 1444 1368 homi·

323 1398 432 1472 nibus
452 1402 497 1472 ad
517 1400 599 1472 illas
620 1398 890 1474 sufficientibus
910 1398 1094 1497 promisit,
1119 1407 1157 1471 et
1176 1421 1241 1497 pro
1261 1397 1442 1495 promis·

324 1500 377 1572 sis
405 1509 444 1571 et
470 1499 651 1573 amiciciis
673 1500 771 1574 inter
789 1523 856 1574 eos
874 1498 1070 1574 firmandis
1089 1509 1128 1572 et
1144 1499 1323 1572 tenendis
1347 1498 1438 1594 ipse

322 1623 389 1672 rex
414 1601 549 1699 Anglie
576 1601 728 1675 domino
759 1600 975 1700 imperatori
1008 1601 1209 1674 multorum
1240 1600 1436 1672 nobilium

321 1701 517 1775 hominum
550 1727 703 1776 suorum
735 1701 833 1776 lilios
861 1702 961 1777 dedit
991 1702 1160 1797 obsides3
1194 1701 1294 1772 inter
1329 1724 1434 1798 quos

322 1802 472 1901 quidem
493 1827 631 1903 pueros
652 1828 737 1877 cum
756 1802 1010 1877 liliusdomini
1025 1803 1161 1901 hogeri
1176 1805 1222 1876 de
1237 1801 1432 1891 Thoenio,

322 1905 594 2002 consanguinei
614 1904 760 1978 comitis
775 1905 1045 2002 HpnoniensiS,
1072 1906 1108 1978 in
1129 1927 1238 1977 curru
1257 1906 1429 1978 deduce·

322 2016 445 2100 retur,
478 2018 639 2102 quatuor
664 2011 923 2078 tantummodo
948 2030 1069 2079 annos
1093 2008 1252 2101 hahens,
1284 2014 1324 2076 et
1356 2027 1430 2102 per

320 2104 533 2178 Hanoniam
561 2106 758 2204 transiret,
793 2106 966 2180 dominus
995 2131 1124 2180 comes
1153 2131 1240 2179 eum
1267 2105 1427 2177 retinnit

321 2217 359 2279 et
383 2206 555 2281 Methodii
582 2206 617 2278 in
638 2209 802 2280 claustro
822 2231 908 2281 eum
928 2207 1133 2281 honorifice
1159 2206 1249 2280 lecit
1267 2229 1426 2278 conser-

318 2308 420 2403 vari,
455 2309 683 2407 dominoque
711 2309 927 2408 imperatori
954 2308 1166 2404 mandavit,
1194 2309 1290 2406 quod
1317 2309 1421 2381 huno

252 2412 255 2416 ’
319 2408 487 2483 obsidem
508 2410 577 2482 sibi
595 2409 754 2485 fideliter
771 2421 952 2484 servaret.
988 2413 1081 2486 Cum
1102 2421 1229 2482 autem
1247 2409 1330 2506 ipse
1351 2433 1419 2481 rex

317 2510 465 2608 Anglie,
484 2510 597 2584 finitis
616 2513 791 2585 omnihus
812 2535 902 2608 erga
921 2511 1115 2584 dominum
1133 2511 1417 2609 imperatorem,

319 2613 364 2684 ad
389 2613 540 2711 propria
561 2623 834 2704 reverteretur,
861 2613 943 2709 ipse
971 2612 1009 2684 in
1036 2612 1195 2686 transitu
1221 2635 1289 2684 suo
1310 2610 1415 2688 Colo·

45 2713 74 2778 Ξῖ
134 2785 136 2788 ,
230 2712 442 2785 1194.ηἰεηεί
462 2713 748 2812 archiepiscopo
776 2724 815 2786 et
833 2713 986 2808 Symoni
1006 2712 1205 2786 Leodiensi
1231 2712 1350 2785 electo
1377 2721 1414 2784 et

49 2809 72 2846 '²'
227 2798 400 2928 {fbpduci
427 2814 654 2888 Lovaniensi
681 2826 719 2888 et
742 2815 825 2887 duci
853 2818 899 2887 de
917 2814 1128 2888 Lemhorch
1157 2815 1265 2886 feoda
1293 2813 1329 2885 in
1355 2836 1411 2888 ar·

259 2893 433 3010 ar'genle
454 2915 646 2988 annuatim
667 2916 917 3014 persolvenda
943 2916 1063 3011 dedit,
1089 2925 1127 2988 et
1151 2914 1308 3012 insuper
1330 2915 1410 2986 duci

315 3015 541 3106 Lovaniensi
565 3020 752 3116 quandam
781 3028 920 3089 terram
948 3017 986 3089 in
1014 3017 1170 3114 Anglia,
1198 3039 1309 3114 quam
1336 3015 1409 3088 Ma·

316 3117 426 3192 theus
446 3143 575 3192 comes
590 3119 839 3214 BoloniensiS,
859 3128 967 3217 pater
985 3119 1110 3193 uxoris
1131 3142 1213 3214 sue,
1232 3117 1408 3190 reclama·
1479 3169 1480 3202 ,

315 3231 435 3316 verat,
454 3221 490 3292 in
511 3221 619 3293 feodo
639 3220 809 3316 reddidit,
828 3219 974 3317 ipsique
990 3219 1074 3292 duci
1090 3230 1219 3293 contra
1235 3217 1406 3291 comitem
1479 3235 1480 3238 ’

314 3320 485 3394 Flandrie
510 3331 547 3393 et
571 3321 743 3394 Hanonie
771 3331 808 3393 et
835 3321 1092 3412 marchionem
1113 3321 1405 3392 Namurcensem
1479 3329 1480 3338 ’

316 3422 492 3496 auxilium
512 3422 697 3522 promisit,
717 3433 756 3494 et
769 3433 902 3494 omnes
918 3421 1095 3494 infeodati
1111 3425 1155 3495 ab
1173 3445 1217 3492 eo
1234 3419 1403 3504 auxilium
1479 3417 1480 3424 '

318 3521 350 3593 ei
370 3525 626 3620 promiserunt
645 3534 771 3595 contra
793 3547 923 3624 regem
943 3520 1207 3618 Francorum2,
1234 3521 1285 3594 ita
1312 3522 1402 3619 quod

194 3638 247 3690 ¹·r.
260 3620 465 3698 87.'saltem
486 3637 627 3698 tantam
648 3623 772 3695 comiti
796 3623 965 3696 Flandrie
985 3635 1023 3696 et
1040 3621 1273 3696 Hanoniensi
1300 3645 1401 3720 guer-

316 3750 395 3798 ram
417 3728 606 3819 facerent,
635 3727 730 3821 quod
751 3749 880 3798 coines
901 3749 1140 3823 nequaquem
1159 3722 1309 3797 domino
1328 3721 1400 3818 regi

314 3828 467 3928 Francie
488 3826 664 3918 auxilium
684 3827 781 3898 ferre
801 3838 942 3920 posset.
984 3825 1262 3903 conventiones
1281 3835 1396 3897 tamen

316 3950 447 4001 eorum
466 3929 503 4000 in
523 3926 622 4001 nulla
644 3937 748 4025 parte
761 3928 913 4001 fuerunt
932 3934 1150 4024 ohservat03
1170 3951 1241 4000 nec
1259 3925 1396 4022 mirum,

269 4103 271 4106 ’
318 4113 341 4175 l)
361 4112 451 4166 Prima
470 4112 528 4166 rice
547 4110 711 4183 Rutisponsc
733 4111 811 4168 1193.
831 4112 888 4166 lnn.
911 4111 941 4175 6,
957 4101 960 4106 ’
974 4071 1083 4168 deinum
1101 4113 1129 4167 in
1150 4111 1223 4165 curin
1243 4108 1355 4181 Spirensi
1372 4128 1392 4163 c.

314 4184 395 4240 Mart.
415 4185 460 4240 25.
497 4185 553 4242 tn.
574 4184 683 4240 Toechc
708 4187 726 4240 l.
748 4205 772 4242 c.
798 4206 828 4257 p.-
843 4185 898 4240 246
918 4205 977 4257 sqq.
1087 4187 1115 4256 2)
1135 4182 1192 4240 Ch.
1217 4183 1346 4255 hogerum
1363 4184 1392 4238 do

315 4257 447 4314 Horcden
468 4263 546 4315 ada.
569 4259 648 4316 1194.
686 4258 775 4332 Bouq.
797 4258 968 4324 XVtt,563.
1293 4305 1299 4312 .
