3118 4786
375 435 652 508 CHRONICON
679 433 997 508 HANONIENSE.
1161 442 1231 516 195

140 637 260 710 maior
278 663 365 736 pars
386 637 570 712 exercitus
595 635 652 709 sui
676 637 840 708 nundum
862 637 907 720 ad
927 660 968 710 se
986 637 1325 737 pervenisset,1rss.

141 748 179 812 et
197 763 325 812 comes
343 737 609 812 Namurcensis
627 737 665 809 in
684 738 870 809 Namurco
900 737 1049 820 circiter
1073 740 1147 812 240
1165 739 1232 812 mi·
1389 756 1391 760 ’

140 839 245 936 lites,
274 850 311 912 et
336 838 508 912 homines
527 849 604 910 tarn
624 837 768 937 equites
789 863 900 935 quam
920 838 1064 936 pedites
1085 839 1232 914 circiter

142 941 190 1014 20
208 939 311 1012 milia
335 949 501 1012 armatos
519 940 701 1033 haberet3·
723 962 851 1012 comes
871 939 1120 1013 Hanoniensis
1146 965 1233 1014 cum

142 1042 215 1112 300
234 1040 431 1138 militibusa
468 1051 505 1114 et
531 1039 745 1114 hominibus
769 1039 955 1135 equitibus
983 1049 1020 1114 et
1046 1042 1232 1138 peditibus

142 1139 290 1214 circiter
325 1143 374 1214 30
409 1141 532 1237 milia,
585 1140 745 1212 insultus
782 1140 868 1213 ville
907 1141 1095 1228 Namurco
1132 1143 1231 1216 fecit.

141 1239 471 1314 'Namurcensibus
492 1253 618 1314 autem
638 1241 852 1313 hominibus
872 1265 914 1314 se
932 1241 1088 1315 viriliter
1108 1245 1274 1318 defen-*t
1290 1257 1337 1312 oo.

104 1419 108 1426 k
141 1341 324 1438 dentibus7
350 1343 500 1415 demum
518 1366 586 1440 per
605 1341 682 1414 vim
702 1342 800 1440 capti
823 1353 922 1437 sunt,
941 1343 979 1414 in
1002 1367 1075 1440 qua
1094 1344 1232 1419 milites

143 1442 290 1516 circiter
306 1447 396 1541 140,
425 1453 462 1516 et
480 1441 652 1516 homines
672 1442 734 1515 alii
753 1443 861 1516 multi
880 1444 979 1541 capti
1007 1457 1110 1542 sunt,
1139 1451 1232 1543 quos

141 1553 267 1616 tamen
286 1567 414 1616 comes
433 1568 564 1618 omncs
592 1543 730 1617 liberos
757 1543 913 1640 dimisita
940 1545 1107 1620 iurantes
1134 1549 1233 1643 quod

141 1643 298 1716 ulterius
317 1643 355 1714 in
373 1669 550 1742 guerram
566 1644 694 1716 comiti
708 1645 954 1718 Namurcensi
975 1657 1103 1719 contra
1119 1648 1233 1720 comi-

140 1754 217 1817 tem
236 1744 514 1818 Hanoniensem
534 1745 679 1816 nullum
696 1744 839 1817 ferrent
857 1745 1045 1818 auxilium.
1095 1747 1232 1822 Milites

141 1855 268 1918 autem
294 1845 401 1917 multi
427 1855 463 1919 et
489 1845 550 1917 alii
575 1845 748 1917 homines
767 1855 933 1918 castrum
952 1847 1126 1945 superius
1146 1873 1232 1920 cum

140 1947 278 2019 comite
296 1945 542 2019 Namurcensi
561 1945 804 2040 intraverunt.
852 1945 993 2030 Ibidem
1012 1947 1167 2046 Egidius
1185 1950 1232 2023 de

139 2045 283 2142 Durat,
309 2071 437 2120 comes
464 2047 655 2146 leprosuS,
682 2045 739 2119 vir
762 2047 975 2144 animosus,
1004 2059 1139 2148 captus
1161 2061 1230 2149 est,

141 2171 253 2242 quern
277 2171 405 2221 comes
427 2147 677 2250 Hanqniensis
705 2148 801 2244 apud
828 2149 901 2220 Ath
929 2159 1095 2222 castrum
1120 2175 1232 2224 suum

140 2246 329 2344 captivum
357 2247 571 2320 conservari
597 2273 666 2345 per
692 2247 923 2344 aliquantum
948 2259 1098 2348 tempus
1130 2251 1230 2325 fecit.

138 2346 233 2419 Villa
252 2347 334 2445 ipsa
352 2347 582 2420 Namurcum
601 2350 646 2420 ab
666 2347 966 2422 Hanoniensibus
995 2375 1084 2422 auro
1111 2362 1149 2426 et
1174 2377 1231 2426 ar-

139 2458 253 2546 gento
282 2449 418 2534 multo„
447 2449 686 2545 vestibusque
714 2458 753 2522 et
777 2448 910 2547 pannis
936 2450 1233 2548 uouisqscilicet

138 2549 322 2647 brunetis,
347 2549 524 2623 viridibus
552 2560 589 2624 et
615 2549 972 2648 telis¹,.multisqne
999 2553 1231 2628 ornamentis

138 2650 264 2723 domui
293 2650 549 2748 necessariisq
567 2661 604 2724 et
622 2651 736 2723 armis
754 2651 951 2726 hominurn
970 2653 1131 2750 spoliata
1148 2655 1232 2750 fuit,

139 2751 288 2824 dolente
306 2762 434 2824 tamen
453 2753 589 2825 comite
609 2751 851 2848 Hanoniensi‚
871 2753 932 2850 qui
950 2754 1123 2828 homines
1141 2755 1231 2830 ville

137 2850 341 2948 plurimum
367 2851 545 2950 diligebat
570 2862 607 2926 et
626 2855 671 2924 ab
691 2853 744 2926 eis
764 2856 978 2950 amabatur3
1011 2855 1076 2928 sed
1101 2855 1138 2928 in
1162 2857 1229 2929 tali

139 2975 230 3024 casu
248 2951 421 3026 homines
436 2977 456 3024 a
469 2952 600 3050 rapina
615 2979 853 3050 nequaquam
872 2963 1031 3052 possunt
1049 2957 1226 3030 coerceri.

138 3047 257 3150 Capta
282 3052 419 3150 quippe
449 3052 558 3152 villa,
595 3077 722 3127 comes
746 3054 997 3128 Hanoniensis
1033 3057 1230 3154 ordinavit,

140 3163 179 3225 ut
196 3152 334 3226 milites
354 3177 485 3226 omnes
510 3153 660 3227 invilla
687 3164 884 3227 manerent
910 3154 956 3228 ad
982 3156 1228 3229 obsidendum

138 3261 316 3351 castrum,
335 3253 449 3328 ceteri
467 3279 556 3328 vero
575 3253 747 3328 homines
766 3254 869 3326 foris.
915 3254 1022 3342 Quod
1041 3257 1229 3354 prescien-

137 3365 194 3427 tes
214 3355 351 3430 milites
371 3355 482 3428 castri
502 3354 706 3429 et'comitis
725 3355 1012 3455 Namurcensis⁷
1044 3357 1114 3457 ipsi
1142 3358 1229 3434 ville

138 3455 264 3553 ignem
280 3457 426 3530 occulte
440 3467 707 3555 apposuerunt,
728 3481 799 3554 que
817 3456 907 3530 villa
921 3483 966 3531 ex
981 3458 1227 3557 oppressione

139 3557 348 3656 domorum,
358 3558 485 3630 calore
496 3557 610 3630 nimio
621 3557 704 3652 diei7
721 3569 758 3632 et
771 3558 933 3655 quodam
944 3569 1055 3632 vento
1067 3561 1229 3660 desuper

22 3697 36 3728 s
136 3655 264 3752 flante,
282 3658 361 3731 fere
379 3668 458 3731 tota
477 3669 718 3750 concremata
736 3669 803 3746 est.
837 3659 941 3732 Unde
961 3684 1089 3734 comes
1104 3662 1228 3735 Hano-

135 3758 275 3832 niensis
306 3758 510 3858 plurimum
542 3762 784 3832 conturbatus
817 3769 883 3834 est.
936 3760 1079 3842 Deinde
1098 3787 1227 3836 comes

15 3925 17 3934 .
96 3883 102 3892 ·
135 3860 305 3934 Hanonie
332 3871 435 3933 trans
454 3859 653 3933 Sambram
680 3859 854 3956 fluvium,
880 3859 963 3933 lixis
990 3862 1161 3936 tentoriis
1188 3862 1226 3937 in

31 3963 34 3970 '
136 3961 253 4058 pratis
282 3963 379 4035 inter
404 3961 527 4059 ipsam
555 3985 692 4058 aquarn
718 3972 755 4036 et
782 3985 914 4034 nemus
940 3963 1156 4035 lllallamam
1190 3974 1230 4038 et
1301 3981 1304 3989 “

15 4141 25 4164 γ,
134 4061 231 4134 inter
248 4063 372 4160 ipsum
390 4073 556 4135 castrum
575 4073 613 4136 et
630 4062 752 4160 ipsum
772 4086 918 4159 nemus,
948 4074 1113 4135 castrum
1132 4065 1227 4137 mul-

15 4167 19 4192 '
134 4164 182 4234 tis
202 4162 380 4236 militibus
400 4175 437 4238 et
463 4163 598 4238 ceteris
619 4163 833 4236 horninibus
860 4163 1045 4236 munitum
1069 4165 1225 4264 obsedit,

135 4285 160 4362 l)
182 4287 212 4344 V.
235 4287 414 4360 Reiffenberq
436 4289 554 4346 Histoire
575 4293 609 4344 du
630 4290 751 4345 llainaut
770 4289 804 4354 ll,
828 4291 887 4342 100.
908 4309 932 4344 n.

939 4383 996 4446 13*
