3002 4790
254 387 594 565 'cunourcon
618 443 940 519 nunomunss.
1044 444 1174 524 xaar
1393 557 1396 564 Ι

49 669 141 720 mex
160 643 392 719 Francorum
409 644 548 720 milites
562 646 692 719 insuis
707 645 868 745 propriis
882 641 1264 746 eupsonismisltllat.

61 745 296 844 multosque
317 745 493 819 homines
513 747 658 846 equites
687 758 725 821 et
752 747 898 846 pedites
910 749 960 822 do
979 749 1171 848 Atrebate,

56 847 118 921 ule
139 845 346 946 bapalmis,
364 847 411 921 de
429 841 570 920 Sancto
588 849 817 946 Andomaro,
836 849 882 922 de
900 848 999 922 Aria
1029 846 1174 938 Viden·
1224 861 1235 900 ³
1274 876 1276 880 ’

19 949 22 956 “
57 957 132 1021 -tes
152 959 282 1022 autem
299 946 567 1022 uanusvenses
591 948 764 1023 homines
783 948 935 1025 domino
953 971 1023 1037 suo
1043 951 1171 1026 comiti
1213 1004 1229 1038 ,

55 1048 353 1150 viresrnagnas
371 1071 677 1160 supercrescere,
705 1051 751 1122 ad
771 1049 965 1123 dominum
992 1047 1171 1126 uomitum

56 1148 109 1222 ¹in
131 1149 314 1222 auuilium
332 1149 460 1228 venire
478 1151 688 1224 voluerunt.
709 1151 1172 1250 ,bominusveroaoareu
1199 1219 1204 1230 .

61 1249 166 1347 quia
191 1249 262 1322 sibi
288 1251 410 1348 primo
438 1251 653 1347 doluerant,
687 1275 830 1324 eorumx
847 1250 1027 1324 amilium
1054 1251 1171 1326 susei-

57 1375 164 1448 ·pere
183 1350 406 1451 dedignatus
422 1363 493 1424 est.
546 1352 776 1433 coadunatis
802 1351 917 1453 igitur
939 1363 995 1425 tot
1014 1352 1170 1428 bomini·
1195 1367 1204 1386 ’

60 1453 157 1543 bus,
185 1451 358 1524 dominus
385 1470 519 1533 cuntes
541 1452 724 1526 Niuellam
756 1452 929 1527 obsidere
962 1455 1169 1552 proposuit,

66 1551 212 1648 inqua
225 1569 360 1626 caumes
371 1553 418 1627 de
435 1552 530 1650 Lon,
555 1553 706 1636 comitis
725 1552 963 1628 Flandrensi's
990 1565 1028 1628 et
1045 1555 1169 1627 Hans
1234 1571 1236 1576 ·
1257 1585 1268 1591 ··

67 1651 217 1724 niensis
243 1652 546 1752 consanguineus
574 1663 611 1726 et
637 1653 742 1727 ducis
768 1653 1167 1753 Lovanionsisbomo,
1244 1685 1247 1692 ·
1300 1679 1302 1684 ’

60 1775 163 1826 curn
191 1753 318 1825 multis
346 1752 527 1828 militibus
550 1763 590 1829 et
616 1754 830 1826 hominibus
857 1753 1047 1828 bellicosis
1073 1767 1167 1828 erat.
1222 1769 1232 1804 '··

65 1851 359 1926 Comesautem
379 1852 511 1928 itinere
530 1871 600 1925 suo
623 1854 755 1926 turrim
775 1855 821 1927 de
843 1853 989 1928 Fesluil
1012 1855 1170 1954 ospitat

69 1955 295 2052 prostravit,
320 1964 363 2026 et
377 1953 558 2044 turris-de
579 1955 799 2028 Archenna²
819 1953 961 2030 reddita
982 1955 1053 2028 sibi
1078 1955 1169 2051 tuit,

66 2079 151 2150 que
179 2080 255 2127 non
280 2064 488 2152 prostrata,
524 2055 607 2128 duci
639 2067 773 2153 postea
804 2055 911 2130 illesa
942 2055 982 2129 in·
1006 2057 1168 2154 quadam

68 2179 168 2253 pace
195 2156 295 2230 lacta
322 2154 397 2228 fuit.
414 2155 567 2228 reddita.
619 2155 718 2228 Dum
744 2167 869 2229 autem
888 2159 984 2254 apud
1004 2159 1169 2232 Archen—

70 2279 163 2327 nam
190 2279 276 2328 cum
299 2279 368 2328 suo
388 2255 552 2328 exercitu
572 2279 713 2354 magno
730 2269 969 2355 pernoctaret
993 2257 1167 2332 dominus
1212 2255 1216 2304 ἶ

66 2379 222 2452 aceruos,
250 2365 288 2429 et
313 2355 351 2428 in
374 2355 538 2428 crastino
557 2354 700 2430 Nivelle
718 2367 844 2430 tantos
862 2357 1023 2431 insultus
1042 2360 1168 2436 lacere
1251 2399 1252 2402 ¹

66 2456 352 2555 proposuisset,
384 2457 482 2554 quod
507 2480 591 2530 earn
616 2481 684 2555 per
703 2457 801 2530 vires
819 2458 1005 2532 exercitus
1024 2459 1088 2532 sui
1106 2485 1167 2534 oa·
1316 2550 1318 2555 ¹

67 2581 164 2656 pere
182 2569 369 2656 speraret,
393 2557 733 2656 tanta'supervenit
751 2558 893 2658 pluvia,
923 2560 1027 2656 quod·
1047 2559 1167 2633 homi·
1254 2575 1255 2578 ’
1369 2584 1372 2592 ·

69 2681 148 2732 nes.
160 2663 219 2732 vel
242 2659 327 2758 equi
345 2658 406 2732 uix
429 2659 617 2732 sustinere
634 2669 821 2757 poterant.
874 2659 1084 2734 Mirandum
1109 2671 1168 2734 est

67 2768 213 2848 antem,
232 2760 331 2854 quod
351 2783 461 2832 mane
481 2760 579 2830 lacto
599 2759 784 2856 hominm,
807 2769 886 2833 tam
906 2760 1046 2837 domini
1064 2760 1167 2860 regis

70 2857 305 2930 <Francorum
323 2881 435 2954 quam
455 2857 574 2954 ipsius
592 2859 753 2956 comitis,
780 2870 859 2932 tam
887 2860 1025 2936 milites
1045 2885 1167 2960 quam

69 2957 139 3032 alii
169 2958 325 3056 pedites·
345 2968 383 3031 et
407 2958 569 3055 equitas,
600 2959 767 3032 nescitur
793 2985 866 3057 quo
894 2962 998 3034 ducti
1020 2963 1165 3060 spiritu,

74 3084 150 3132 non
176 3069 333 3157 accepta
356 3057 524 3156 licentia,
552 3060 597 3130 ab
626 3060 792 3142 exercitu
822 3073 1079 3158 recesserunt,
1114 3063 1166 3135 ita

73 3159 173 3256 quod
192 3160 252 3238 vix
270 3158 431 3256 septima
450 3181 537 3256 pars
556 3160 742 3232 exercitus
761 3183 846 3233 cum
861 3161 1012 3233 domino
1027 3161 1166 3236 comite

7 3325 8 3328 ,
78 3260 256 3336 remansit
309 3259 413 3333 Unde
443 3259 664 3333 mirabatur*
679 3260 851 3333 dominus
883 3285 1030 3358 cumea,
1055 3262 1166 3336 mira·
1230 3297 1237 3310 ·

7 3391 9 3432 ς
77 3363 209 3432 bantur
236 3383 385 3458 quoque
411 3365 544 3434 omnes
570 3385 656 3436 cum
683 3386 727 3434 eo
754 3373 1013 3460 remanentes,
1043 3363 1267 3437 'mira-'tuo

7 3517 8 3520 ,
77 3463 209 3533 bantur
233 3461 351 3534 eciam
378 3461 448 3559 ipsi
473 3463 703 3536 recedentes.
757 3461 1086 3560 Sicquedominus
1105 3489 1166 3539 co·

76 3585 168 3654 mes,
193 3561 448 3657 licetinuituS,
473 3563 700 3636 retrocessit.
733 3563 896 3638 ¹Deinde
921 3565 1165 3664 interipsum

81 3672 117 3736 et
133 3663 265 3735 ducem
284 3673 322 3736 et
340 3663 507 3736 eiusdem
523 3663 628 3736 ducis
642 3664 832 3738 adiutores
851 3663 999 3740 lirmatew
1015 3668 1169 3742 fuerunt

7 3777 8 3782 ’
78 3773 207 3862 treuge
234 3787 352 3860 usque
380 3774 464 3864 pust
489 3765 631 3861 pascha
661 3770 706 3840 15
733 3765 873 3839 diebus.
926 3767 1034 3854 Quod
1052 3768 1167 3866 igitur

81 3865 247 3938 dominus
262 3889 390 3939 comes
404 3867 449 3936 ab
464 3864 663 3938 insultibus
678 3865 821 3940 Nivelle
835 3867 1036 3940 inferendis
1051 3878 1167 3940 retro·

7 4011 9 4044 2
79 3964 200 4060 cessit,
219 3990 263 4038 ex
279 3965 426 4060 delectu
446 3989 601 4038 suorum
621 3965 815 4038 hominum
835 3979 872 4042 et
890 3967 1167 4064 auxiliatorum,
1301 4014 1303 4018 -

78 4063 199 4136 divino
217 4065 400 4141 miraculo
419 4065 564 4172 meritis
582 4078 620 4141 et
636 4067 811 4164 precibus
829 4068 995 4166 gloriose
1013 4068 1169 4167 virginis
1195 4101 1201 4116 ·
1226 4083 1228 4086 ’

7 4201 9 4266 i
83 4219 109 4282 ll
127 4216 222 4288 beloy,
247 4219 274 4270 in
300 4237 373 4288 prov.
394 4219 553 4285 llauuouiu,
590 4239 642 4276 arr.
662 4223 696 4276 de
717 4219 880 4293 Cbarleroy,
909 4233 979 4278 cunt.
999 4225 1032 4278 de
1052 4221 1171 4280 Sabelle.
1303 4249 1305 4253 ·

7 4299 9 4334 ἰ
79 4291 298 4362 2llquuenues.
330 4335 335 4346 ,
777 4323 781 4332 ·
892 4302 903 4335 '-

902 4389 941 4454 17
