3118 4786
329 431 401 502 174
614 435 617 441 ·
732 403 1019 501 orsmnnarr
1046 433 1050 444 ·
1167 433 1172 440 ·

236 641 315 698 1155.
402 631 545 702 Eodem
576 652 675 701 anno
708 639 745 704 51
775 637 970 727 tempore,
1006 645 1141 703 mense
1168 627 1299 726 lutio1,
1333 637 1440 704 tem·-

327 740 458 828 pestas
483 732 645 827 quedem
672 753 812 827 magna
837 753 923 802 cum
947 729 1113 815 tonitruo
1133 739 1172 802 et
1188 731 1374 827 grandine
1392 743 1438 805 et

327 831 452 929 pluvia
479 855 499 904 5
520 831 659 905 Warda
684 831 805 903 sancti
832 829 994 928 Remigii
1022 853 1092 929 per
1118 832 1281 905 mediam
1304 832 1437 905 Hano

325 932 429 1006 niam
447 932 483 1005 in
503 931 660 1030 longum
678 932 932 1028 transvolans,
957 942 1112 1046 segetes
1132 931 1169 1005 in
1188 933 1334 1032 campis
1352 958 1432 1006 non

327 1034 451 1108 solum
479 1032 698 1131 prostravit,
732 1036 798 1106 sed
825 1041 923 1108 totas
952 1032 1145 1131 contrivit,
1180 1037 1336 1108 arbores
1365 1037 1433 1108 de·

327 1134 503 1232 siccavit
530 1157 622 1208 aves
647 1133 685 1206 in
705 1132 923 1208 nemoribus
943 1143 981 1206 et
1000 1134 1145 1248 campis
1165 1145 1203 1207 et
1219 1135 1372 1234 lepores
1392 1146 1434 1208 et

326 1235 465 1312 feras
455 1260 493 1310 m
521 1235 626 1308 silvis
653 1234 861 1334 interfecit,
892 1235 1035 1308 bestias
1062 1235 1183 1308 eciam
1210 1235 1249 1308 in
1275 1237 1432 1336 pascuis

265 1346 315 1404 tur.
327 1337 474 1433 occidit,
493 1347 531 1410 et
548 1335 761 1409 Hanoniam
780 1289 948 1432 greititer
965 1333 1106 1410 afflixit.
1133 1337 1274 1412 Eodem
1295 1361 1432 1412 mense

326 1450 365 1512 et
384 1464 482 1512 anno
510 1436 567 1509 vir
584 1435 718 1510 nobilis
738 1447 777 1509 et
795 1435 904 1510 mites
923 1439 1132 1511 acerrimus
1153 1449 1192 1512 et
1196 1440 1338 1552 magni
1362 1463 1431 1512 no-

326 1539 438 1614 minis
467 1537 665 1612 Eustasius
693 1539 739 1610 de
767 1537 893 1652 Ruez,
926 1537 1090 1612 Eustacii
1123 1539 1284 1614 senioris
1315 1539 1430 1638 fitius,

283 1639 505 1742 decessit
526 1640 619 1712 etin
638 1638 869 1712 monasterio
889 1639 1016 1714 Sancti
1035 1640 1189 1714 Foillani
1208 1644 1305 1740 apud
1325 1643 1429 1715 Rnea

283 1727 499 1841 sepultus
528 1739 612 1838 fuit,
648 1743 746 1814 unde
774 1763 904 1814 comes
932 1741 1187 1816 Hanoniensis
1217 1753 1256 1816 et
1280 1742 1337 1817 sui
1365 1747 1429 1817 do·

326 1844 488 1918 luerunt.

212 1957 315 2015 amor
401 1945 545 2018 Eodem
565 1967 684 2038 anno,
712 1942 860 2016 circiter
877 1944 1019 2017 testum
1039 1943 1159 2016 sancti
1177 1943 1345 2059 Martini,
1370 1969 1429 2018 re·

242 2033 286 2090 ¹¹·
325 2045 439 2143 liquie
464 2043 664 2118 Parisios
655 2068 692 2114 1n
716 2043 948 2118 monasterio
966 2044 1086 2118 veteri
1106 2045 1226 2119 sancti
1244 2045 1428 2160 Stephani

327 2151 397 2222 sub
429 2145 537 2220 altari
568 2169 589 2218 a
622 2145 785 2259 quodam
816 2145 1029 2261 monacho,
1060 2147 1228 2220 Iohanne
1261 2147 1428 2246 nomine,

326 2247 565 2362 Clarevallis,
591 2247 744 2320 fuerunt
767 2246 943 2344 invente,
971 2247 1032 2320 oui
1057 2247 1161 2322 Deus
1190 2270 1256 2321 eas
1283 2248 1427 2322 tevela

324 2360 433 2422 verat
462 2349 499 2421 in
526 2347 719 2446 sompnis,
753 2372 913 2446 quarum
945 2348 1188 2448 reliquiarum
1220 2349 1427 2422 inventioni

325 2473 455 2522 comes
474 2449 750 2545 Hanoniensis,
777 2473 798 2520 a
826 2449 977 2522 domino
1001 2474 1095 2546 rege
1113 2449 1264 2524 rediens
1284 2475 1306 2524 a
1324 2452 1427 2526 Mon·

323 2549 533 2623 teleherio²
559 2547 736 2622 interfuit.
780 2547 821 2620 ln
850 2549 985 2645 quibus
1012 2551 1179 2648 reliquiis
1208 2554 1254 2626 de
1283 2553 1434 2651 capillis,
1537 2557 1538 2560 ’

324 2655 434 2726 beate
461 2647 580 2722 Maria
607 2649 675 2722 Dei
707 2649 920 2747 genitricis,
955 2662 1069 2750 caput
1099 2653 1221 2726 sancti
1245 2653 1427 2750 Dionysii,

325 2763 433 2826 costa
460 2750 580 2824 sancti
606 2749 814 2846 Laurentii,
842 2754 888 2824 de
912 2752 1097 2851 lapidibus
1116 2753 1251 2852 quibus
1270 2765 1426 2829 sanctus

324 2853 542 2950 Stephanus
573 2851 761 2949 lapidatus
789 2852 878 2949 fuit,
916 2855 1184 2928 continebatur.
1236 2855 1425 2956 Scriptum

325 2953 426 3028 enirn
446 2977 531 3026 cum
550 2951 746 3050 reliquiis
736 2963 930 3026 inventurn
947 2954 1134 3030 indicabat
1149 2959 1247 3054 quod
1262 2961 1425 3072 quedam

323 3054 493 3154 reginass,
527 3078 622 3127 uxor
646 3053 825 3129 Ciodovei
851 3055 954 3153 regis
980 3057 1232 3173 Francorum,
1263 3058 1325 3156 qui
1351 3058 1427 3157 pri·

323 3181 409 3231 mus
428 3181 563 3256 regum
582 3158 810 3230 Francorum
830 3157 1060 3256 baptismum
1081 3160 1250 3257 suscepit
1272 3184 1294 3233 5
1313 3164 1424 3234 beato

321 3259 509 3374 Remigio,
535 3258 722 3356 templum
744 3257 833 3330 illud
853 3260 1068 3332 consecrari
1088 3270 1125 3333 et
1143 3261 1321 3359 reliquias
1340 3285 1425 3360 pre·

210 3360 478 3433 ’1555115155
469 3385 505 3431 rn
535 3359 597 3430 illo
625 3358 769 3431 fecerat
754 3357 969 3455 tsigiilari,
996 3360 1082 3457 quia
1110 3361 1315 3461 templum
1334 3362 1424 3435 illud

322 3460 482 3534 civitatis
502 3458 726 3532 Parisiensis
746 3459 914 3556 capitalis
934 3461 1096 3535 ecclesia
1115 3462 1203 3535 olim
1223 3464 1359 3559 fueret,
1386 3473 1425 3536 et

320 3560 370 3634 ibi
390 3563 502 3633 sedes
522 3559 645 3632 fuerat
662 3559 965 3658 metropolitana,
985 3587 1057 3660 que
1078 3575 1210 3663 postea
1229 3568 1275 3638 ad
1291 3517 1423 3638 seriem

322 3662 585 3736 Senonensem
602 3659 670 3733 fuit
684 3659 877 3734 translata.
903 3662 1008 3736 lilino
1023 3687 1152 3738 comes
1167 3665 1422 3739 Hanoniensis

322 3761 534 3840 Cassellum
554 3761 670 3858 venit,
696 3763 758 3836 ubi
775 3763 965 3838 Evrardus
984 3767 1087 3840 Rado
1107 3767 1272 3840 duellum
1293 3777 1422 3840 contra

321 3866 530 3940 Iohannem
557 3867 603 3936 de
632 3865 757 3959 cyson
783 3867 940 3964 aggredi
966 3869 1144 3964 debebat,
1180 3869 1242 3966 qui
1270 3869 1422 3967 quidem

321 3967 498 4042 instinctu
520 3965 666 4039 comitis
683 3964 882 4040 Flandrie
872 3991 998 4066 ipsum
1016 3922 1246 4067 Errariium,
1274 3969 1423 4042 comitis

320 4068 575 4142 Hanoniensis
595 4067 874 4166 consobrinum,
893 4071 940 4142 ad
955 4070 1121 4144 duellum
1135 4025 1419 4170 provocaverat.

323 4225 348 4292 1)
360 4227 453 4311 pridie
471 4227 529 4280 1151.
549 4225 617 4297 Iulii,
638 4222 716 4280 Cont.
736 4222 835 4296 Aquis.
855 4225 874 4280 1.
892 4243 952 4297 ap
955 4225 1038 4281 ..424
1095 4225 1122 4299 2)
1141 4224 1307 4297 Mondhery,
1328 4223 1424 4278 aPs·

320 4299 391 4352 risiis
411 4302 443 4353 ad
463 4297 615 4353 Meriimde.
689 4299 716 4369 ³)
737 4295 871 4353 clotildis.
