3118 4786
376 424 652 499 cuaourcou
679 404 990 498 aauouruusu.
1161 427 1229 500 ree

128 623 279 697 abbatia
299 635 388 698 tunc
407 626 586 724 temporis
606 626 832 726 opulenta,
824 649 910 724 igne
930 635 1089 722 vastata,
1118 625 1153 696 in
1174 625 1227 715 pi·
1214 641 1317 698 -118e

133 724 249 797 miam
271 737 529 823 paupertatem
549 731 785 826 perlongum
800 739 951 826 tempus
967 729 1116 800 redacta
1134 725 1225 798 est¹.

209 827 256 898 Pr
258 830 502 901 etereundum
522 829 660 927 quippe
679 853 752 902 non
781 840 861 923 est,
888 830 1074 927 quomodo
1094 827 1225 900 lohan-

132 949 204 998 nes
225 928 438 1001 Cornutus
429 954 465 1001 ιιι
491 954 628 1027 aquam
648 932 792 1004 Mosam
820 934 865 1002 ab
893 930 966 1002 aito
992 939 1159 1000 armatus
1186 929 1224 999 in

132 1050 231 1122 equo
252 1029 393 1102 saliens
413 1029 449 1103 in
469 1031 614 1125 navim,
640 1031 812 1104 homines
833 1031 901 1104 sibi
926 1030 1143 1103 insidiantes
1164 1053 1224 1100 ex·

134 1131 329 1239 pugnavit
343 1142 539 1205 revertens
556 1136 599 1207 ab
615 1132 808 1206 obsidione
820 1129 986 1205 Boviuie.
1015 1133 1107 1205 Cum
1124 1130 1223 1201 enim

128 1229 214 1324 ipse
242 1229 448 1327 lohanneS,
478 1233 586 1305 miles
612 1238 766 1346 probus·
780 1243 816 1306 et
843 1233 1054 1328 animosus,
1085 1230 1224 1303 domini

128 1329 279 1403 comitis
293 1332 544 1408 Hanoniensis
560 1335 878 1432 consanguineus
895 1344 1058 1406 castrum
1070 1333 1225 1404 Namm-

134 1454 218 1502 cum
247 1433 450 1507 custodiret
476 1446 513 1506 et
539 1437 712 1508 dominus
745 1459 873 1508 comes
900 1433 1194 1507 Hauoniensis
1186 1458 1222 1504 ιιι

130 1532 326 1605 obsidione
347 1535 458 1607 castri
477 1536 630 1610 Bovinie
651 1561 795 1610 moram
816 1535 1223 1632 faceret31pselohan-

129 1655 202 1704 nes
224 1633 301 1705 ad
291 1657 416 1732 ipsum
440 1638 630 1710 dominum
657 1663 765 1710 suum
787 1636 978 1750 transivit
1004 1659 1118 1733 super
1145 1636 1224 1732 qui·

127 1735 288 1806 busdam
300 1759 376 1832 que
392 1737 562 1808 conferre
578 1739 738 1812 habebat
753 1762 837 1809 cum
857 1738 950 1834 ipso.
980 1738 1079 1811 Cum
1096 1747 1221 1807 autem

127 1832 230 1906 illino
258 1847 510 1910 reverteretur
534 1862 617 1910 cum
639 1839 782 1912 duobus
809 1838 982 1911 militibus
1010 1848 1047 1908 et
1074 1847 1221 1949 septem

127 1935 409 2009 servientibus
401 1963 437 2010 m
457 1939 572 2014 armis
593 1940 790 2037 equitibus
818 1940 966 2034 quidam
988 1936 1132 2011 comitis
1152 1937 1222 2008 Na-

134 2039 344 2110 murcensis
364 2039 520 2130 clientes
548 2041 656 2114 eiecti
683 2052 720 2114 et
747 2041 851 2138 probi
878 2038 1031 2111 insidias
1053 2039 1106 2111 eis
1140 2061 1222 2150 pre·
1232 2055 1329 2110 aar

127 2140 351 2232 tenderffunt
375 2151 614 2214 transeuntes
634 2142 780 2214 Mosam
800 2161 885 2214 cnm
905 2164 1000 2212 nave
1021 2163 1157 2236 magna
1184 2139 1220 2208 in

127 2237 289 2310 transitu
304 2243 464 2336 quodam
479 2242 512 2312 di
517 2241 626 2322 fficili
663 2242 769 2329 Quod
788 2241 1001 2338 percipiens
1020 2241 1220 2332 lohannes,

128 2338 192 2434 qui
216 2337 285 2410 nisi
305 2364 374 2452 per
393 2365 526 2413 manus
555 2343 700 2414 illorum
721 2345 881 2414 evadere
906 2352 1072 2439 poterat,
1101 2363 1221 2411 arma·

130 2451 191 2512 tus
219 2441 333 2512 armis
365 2442 584 2516 militaribus
621 2454 840 2546 armatoque
867 2467 984 2541 equo
1022 2467 1107 2514 cum
1141 2441 1220 2514 suis

128 2541 285 2613 armatis
304 2541 435 2636 hostes
454 2543 602 2616 circiter
619 2547 669 2618 40
686 2541 782 2617 bene
802 2554 967 2616 armatos
988 2543 1140 2638 invasit3
1160 2541 1221 2640 qui

132 2641 239 2715 citius
271 2643 308 2715 in
341 2622 469 2740 fug'am
502 2645 620 2758 elapsi
652 2656 740 2722 sunt
769 2645 805 2716 in
840 2666 986 2718 navem
1035 2645 1221 2716 lohannes

129 2753 257 2814 autem
273 2747 318 2815 de
337 2745 511 2816 iliorum
503 2771 710 2859 invasione,
737 2747 773 2818 in
795 2746 965 2842 margine
985 2769 1081 2843 aque
1102 2754 1220 2858 stans,

131 2867 215 2916 cum
242 2842 366 2916 nullus
395 2857 540 2940 pateret
565 2845 745 2919 transitus
774 2850 818 2920 ad
847 2848 998 2942 hostes,
1034 2871 1080 2918 ex
1107 2845 1220 2917 nimia

13 3021 15 3032 ¹
127 2945 285 3016 audacia
300 2948 346 3016 ab
360 2946 435 3016 aito
450 2971 588 3044 equum
605 2949 650 3019 ad
670 2947 835 3020 saltum
826 2973 863 3019 m
883 2973 1017 3020 navem
1039 2945 1223 3019 convertit

13 3049 14 3058 ’
126 3055 315 3116 armatum
335 3044 417 3143 ipse
437 3058 615 3118 armatus.
657 3048 708 3118 Ex
735 3072 806 3143 quo
834 3047 930 3120 saltu
959 3049 1065 3120 navis
1095 3071 1222 3119 mersa

127 3157 202 3241 est,
229 3148 325 3218 unde
345 3148 517 3220 homines
536 3147 573 3218 in
594 3171 729 3244 aquam
749 3151 941 3243 cadentes,
966 3147 1115 3244 quidam
1136 3151 1221 3220 sub·

130 3246 246 3318 mersi
263 3258 361 3343 sunt,
377 3248 526 3345 quidam
542 3271 631 3320 vero
647 3252 768 3320 nando
785 3259 996 3320 evaserunt.
1033 3249 1220 3320 lohannes

13 3386 18 3408 ι
129 3357 257 3420 autem
277 3349 312 3419 in
333 3373 428 3446 equo
449 3374 564 3444 nans
594 3352 690 3422 unde
718 3349 927 3422 mirandum
956 3357 1033 3445 est
1059 3348 1251 3446 inaqua·

13 3449 16 3540 ζ
131 3473 246 3520 unum
267 3450 457 3523 hominem
476 3405 679 3547 inteifecit
707 3475 821 3522 unum
841 3475 931 3523 vero
951 3405 1100 3564 capium
1121 3449 1222 3522 duxit

13 3621 18 3634 ,
130 3557 168 3622 et
187 3574 323 3647 aquarn
352 3575 467 3624 sanus
496 3553 627 3649 exivit·
655 3556 752 3626 unde
772 3557 816 3625 ab
838 3551 1022 3625 universis
1043 3550 1221 3631 audienti·

130 3656 199 3726 bus
217 3650 368 3726 laudem
388 3653 526 3725 habere
546 3654 772 3732 meruit„

123 3760 126 3764 ’
205 3753 394 3850 Tempore
421 3753 483 3824 iiio
508 3753 666 3828 firmatis
702 3755 801 3825 inter
835 3776 966 3851 regem
992 3755 1220 3827 Francorum

131 3863 170 3924 et
188 3853 318 3952 regem
336 3855 543 3952 Angiorum
564 3853 744 3952 tr·eugis²,
763 3854 896 3928 auxilia
915 3853 1073 3953 plurima
1094 3854 1219 3926 comiti

136 4060 160 4130 1)
180 4058 236 4114 Cir.
256 4063 325 4119 Αιιιι.
338 4063 508 4119 Fron-emens.
521 4062 560 4118 M.
575 4063 608 4120 G.
623 4062 673 4118 SS.
686 4061 762 4118 xvi.
775 4082 801 4134 p.
817 4063 885 4117 625:
904 4064 1025 4118 Ecclesia
1046 4062 1222 4132 Floreffiensir

133 4135 167 4190 ab
187 4137 278 4190 eodem
296 4141 390 4192 comite
405 4137 540 4194 obsidetur
552 4139 743 4208 claustrumque
756 4143 835 4192 totum
849 4153 906 4191 cum
919 4135 1030 4204 officinis
1044 4138 1223 4192 adiacentibus

133 4208 301 4278 comburitur,
318 4209 448 4279 [ratribus
464 4228 515 4280 per
535 4213 640 4266 diversa
660 4215 795 4281 dispersis.
834 4211 908 4265 Auno
927 4215 1028 4278 inteqru
1048 4211 1223 4265 elmeradus

134 4295 186 4336 aaa
205 4283 292 4337 diuino
308 4288 413 4352 penitus
432 4287 524 4340 eodem
543 4283 654 4340 ecclesio
671 4286 806 4339 devotatur
821 4281 973 4354 obaeqru‘o.¹
1026 4283 1052 4354 2]
1074 4282 1103 4336 in
1123 4285 1223 4337 oetavis
