3118 4786
289 377 388 451 *tor
593 319 596 325 i
724 375 1000 452 crstnnmrr
1040 421 1043 430 ,

225 601 305 660 tren,
317 585 354 650 et
370 599 500 674 regem
515 595 585 690 pro*
597 588 704 692 parte
719 578 864 652 comitis
879 581 1165 677 Campanensis,
1185 581 1426 693 promittens

317 700 363 748 ex
395 689 501 774 parte
528 679 674 754 co'nritis
706 680 979 778 campanensis
1008 681 1158 753 domino
1188 681 1422 778 imperatori

316 779 339 851 5
359 778 457 850 mrim
478 789 641 894 marcas,
667 791 705 854 et
728 783 877 853 domino
905 783 986 879 regi
1012 784 1035 856 5
1055 781 1155 854 mrlra
1174 782 1349 854 marchas
1370 794 1419 854 et

315 863 464 960 domine
490 881 620 978 regine
647 882 748 955 milio
775 883 965 980 marchas,
991 893 1028 956 et
1055 883 1156 955 curie
1183 881 1282 954 mille
1309 905 1418 954 mar·

315 981 406 1053 chas
421 992 458 1054 et
471 983 578 1054 ultra
583 982 665 1056 aliis
681 983 782 1056 curie
798 983 1019 1057 consiliariis
1035 982 1183 1056 circiter
1199 987 1295 1058 1700
1310 1007 1420 1055 mar-

314 1083 447 1179 chas3
438 1093 487 1156 rta
507 1083 659 1182 inquam
680 1087 777 1182 quod
797 1109 927 1157 eorum
947 1085 1107 1182 gratiam
1124 1107 1241 1182 super
1254 1107 1415 1182 posses·

313 1182 481 1270 sionibus
510 1185 656 1258 comitis
676 1185 959 1283 Namunensis,
985 1196 1022 1258 et
1051 1185 1229 1257 auxilium
1249 1196 1286 1258 et
1305 1184 1415 1257 vires

313 1295 441 1358 contra
472 1285 648 1359 comitem
680 1287 961 1359 Hanoniensem
998 1287 1172 1381 haberet3
1209 1285 1240 1359 si
1276 1296 1408 1358 autem

313 1396 440 1459 contra
457 1387 632 1460 comitem
647 1387 928 1461 Hanoniensem
944 1386 1119 1459 auxilium
1135 1387 1233 1460 ferre
1248 1387 1411 1483 nollent,
1465 1445 1468 1452 .

312 1486 446 1559 saitem
467 1498 683 1586 procorum
704 1487 822 1584 gratia
843 1492 1100 1561 tantummodo
1119 1489 1304 1584 habenda,
1326 1511 1409 1560 me-

311 1588 465 1662 ditatem
499 1589 666 1676 omnium
701 1611 774 1688 que
807 1589 998 1664 nominata
1030 1601 1116 1662 sunt
1151 1589 1403 1686 promittebat.

311 1690 404 1763 Cum
423 1700 549 1763 autem
569 1691 695 1763 nuncii
714 1691 859 1764 comitis
874 1689 1126 1764 Hanoniensis
1146 1691 1406 1786 advenissent

310 1791 437 1863 statim
464 1787 591 1889 ipsius
608 1793 776 1890 episcopi
799 1793 922 1865 verbis
953 1802 989 1864 et
1019 1790 1217 1889 promissis
1251 1792 1404 1890 spretis,

307 1890 380 2005 ipsi
400 1893 577 1990 episeopo
595 1892 747 1965 licentia
765 1893 962 1967 recedendi
983 1916 1165 1965 concessa
1185 1903 1254 1964 est.
1303 1893 1400 1964 Nun·

310 1993 353 2064 cii
374 1995 522 2089 quidem
543 1993 689 2065 comitis
709 1992 959 2068 Hanoniensis
981 2017 1048 2089 per
1073 1993 1283 2090 promissas
1307 1995 1406 2067 1550

308 2095 482 2167 marchas
503 2095 661 2190 gratiam
681 2095 819 2167 domini
840 2093 1077 2193 imperatoris
1094 2105 1131 2170 et
1145 2095 1284 2166 domini
1299 2094 1402 2192 regis

307 2195 559 2294 obtinuerunt2
578 2196 775 2293 dequibus
795 2196 984 2268 solvendis
1011 2195 1166 2268 terciam
1195 2207 1340 2292 partem
1359 2195 1399 2266 in

307 2297 420 2370 natali
437 2297 609 2393 Domini
636 2299 791 2370 terciam
819 2297 855 2368 in
881 2299 1023 2395 paseha
1043 2297 1212 2393 Domini
1242 2297 1400 2369 terciam

307 2421 397 2468 vero
418 2408 502 2495 post
527 2403 728 2471 decessum
749 2398 893 2471 comitis
913 2398 1198 2493 Namnrcensis.
1226 2399 1286 2470 vel
1315 2409 1399 2496 post

309 2498 546 2571 concordiam
581 2499 770 2570 intereos
797 2499 956 2594 factam
986 2498 1154 2571 inducias
1183 2500 1333 2595 habuit
1361 2510 1400 2570 et

308 2621 423 2696 super
449 2599 507 2672 his
535 2598 694 2695 gratiam
723 2622 853 2671 eorum
879 2553 1024 2695 natiuit
1060 2599 1110 2672 ita
1138 2554 1399 2699 componeirdo

307 2703 404 2796 quod
429 2724 557 2774 comes
576 2699 830 2772 Hanoniensis
846 2703 896 2774 ad
923 2655 1114 2772 dominum
1141 2724 1271 2799 regern
1299 2701 1396 2773 circa

306 2801 452 2872 Renum
472 2804 669 2874 accederet
687 2813 723 2874 et
742 2801 867 2874 omnia
887 2802 1019 2875 allodia
1041 2813 1078 2874 et
1095 2803 1204 2873 feoda
1223 2803 1396 2874 avuncuii

307 2902 377 2998 sui,
405 2911 481 2974 tam
503 2926 546 2975 ea
562 2927 635 3000 que
653 2903 735 3002 ipse
755 2926 883 2999 comes
903 2903 1072 2976 Hanonie
1091 2906 1256 2998 tenebat7
1284 2926 1397 3001 quarn
1501 2941 1505 2952 ·

306 3026 350 3075 ea
382 3027 454 3100 que
487 3003 915 3078 comesNamurcensis
947 3003 1331 3102 adhuc'possidebat7
1359 3005 1396 3075 in

304 3127 457 3176 manum
477 3105 595 3205 ipsius
614 3106 753 3179 domini
779 3106 881 3204 regis
909 3116 1137 3202 reportaret
1166 3115 1203 3177 et
1229 3105 1311 3204 ipse
1331 3130 1395 3178 rex
1442 3178 1444 3180 ,

306 3205 338 3276 ei
357 3205 394 3278 in
410 3206 518 3278 feodo
533 3206 621 3303 ligio
637 3209 751 3280 daret
784 3208 955 3280 ludet
890 3216 955 3278 aut
958 3229 1017 3278 em
1039 3229 1167 3278 comcs
1182 3207 1394 3278 Hanonien-

303 3305 356 3378 sis
377 3307 793 3381 marcioNamurcensis
813 3317 1024 3400 vocaretur
1045 3317 1081 3380 et
1100 3308 1307 3405 principum
1328 3309 1397 3379 im·

281 3383 396 3504 {perii
424 3410 606 3503 gauderet
632 3409 839 3507 privilegio.
890 3362 1024 3480 Nuncii
1054 3407 1198 3505 itaque,
1232 3409 1390 3506 peractis

223 3519 291 3576 Nor.
302 3507 374 3581 hiis
394 3510 724 3624 compositionibus
745 3521 782 3582 et
800 3508 938 3607 scripto
959 3511 1244 3607 commendaris,
1267 3509 1393 3607 vigilia

248 3596 422 3682 ¹·⁰sanoti
442 3611 588 3684 Martini
607 3615 705 3708 apud
720 3611 974 3707 Erbfordiam,
984 3611 1070 3683 inde
1085 3636 1153 3709 per
1168 3615 1390 3685 conductum

302 3711 440 3784 domini
459 3714 580 3810 regis
606 3722 746 3784 etcum
769 3711 994 3810 probissimo
1019 3711 1136 3786 milrte
1154 3713 1191 3786 F
1211 3716 1257 3786 de
1275 3714 1394 3810 Husa⁷

303 3838 363 3911 qur
355 3813 598 3888 mittebatur
624 3815 669 3885 ad
697 3816 957 3887 adducendum
985 3814 1160 3902 comitem
1179 3814 1395 3888 Hanonien-

190 3921 221 3979 Ἰ.
235 3921 287 3976 69¹·
301 3939 382 3988 sem
403 3918 447 3988 ad
468 3914 623 4010 curiam⁷
646 3913 704 3987 *ad
723 3915 914 3988 dominum
935 3914 1110 3988 comitem
1129 3917 1272 3989 reversi
1293 3925 1390 3989 sunt.

39 4012 64 4073 tr
374 4016 589 4087 Tacendum
610 4026 735 4088 autem
762 4041 835 4090 non
856 4028 932 4094 est
960 4017 1026 4090 sed
1050 4017 1172 4113 palam
1197 4041 1264 4116 pro
1269 4019 1392 4090 eren

147 4193 150 4198 ,
301 4118 402 4209 dum,
426 4127 465 4187 ut
487 4117 673 4189 universis
697 4122 741 4190 ad
762 4099 1002 4194 serviendum
1024 4117 1184 4190 dominis
1205 4120 1282 4193 suis
1302 4117 1391 4191 fide·

187 4247 190 4252 ·
298 4216 384 4288 liter
392 4218 605 4315 exemplum
621 4221 741 4316 detur,
755 4223 852 4320 quod
868 4243 965 4292 unus
980 4217 1200 4294 nunciorum
1216 4221 1389 4346 istorum7
