3066 4788
285 492 286 495 κ
347 394 628 527 canonicor
646 447 978 527 emoniensis.
1156 406 1255 521 ‘25'

16 713 18 748 ξ
112 656 331 732 derlnennis
341 712 352 752 ,
381 663 512 729 auctor
530 655 696 738 chronici·
710 652 854 728 Gallica
871 651 999 746 linpnc
1017 649 1214 739 conscripti

16 811 22 840 t
112 757 216 857 qnod·
232 757 349 831 edidit
364 781 395 830 n.
416 756 451 829 d.
470 755 695 852 Anpustinns
712 755 872 828 Lacroin
888 750 957 824 snb
974 747 1078 823 titolo
1097 747 1214 841 Chro-

112 860 227 958 nique
245 859 292 932 de
309 859 419 931 Mons
438 868 477 932 et
494 858 543 930 du
561 853 762 954 Hainaut1,
779 851 937 927 lacobus
955 850 1000 926 dc
1017 850 1156 923 Gnisio.

144 1023 146 1030 ,
190 961 233 1032 ln
249 966 381 1033 nostro
399 957 556 1046 editione
570 959 613 1032 id
626 957 844 1053 praesertim
863 955 1013 1048 enimus,
1037 955 1088 1044 nt,
1115 954 1216 1023 tenta

113 1062 324 1156 constituto,
337 1059 615 1156 chronolopinm
629 1057 906 1150 adnotaremus,
920 1052 983 1125 nbi
995 1049 1216 1124 monendum

115 1159 352 1236 Gistebcrtnrn
369 1176 551 1234 annucio
563 1159 709 1255 pascha
720 1159 906 1251 incepisse,
924 1158 1102 1249 notosque
1120 1149 1215 1222 odii·

113 1286 275 1339 ceremur
292 1261 348 1336 rel
363 1261 560 1336 historicos
577 1260 633 1334 vei
647 1257 924 1356 pcopropbicos.

190 1361 451 1437 Scribebamus
467 1361 652 1435 Brnnellis
668 1382 789 1434 mense
805 1357 922 1452 Aprili
938 1378 975 1428 o.
999 1355 1106 1428 1868.

914 1457 963 1528 W.
991 1452 1160 1528 Annon

16 1831 18 1850 ‚
191 1766 285 1839 Cum
304 1768 350 1839 de
375 1765 493 1862 gestis
520 1775 559 1836 et
584 1762 808 1860 genealogia
835 1757 1072 1833 dominorum
1101 1752 1215 1826 comi·
1259 1757 1262 1762 ’

16 1873 20 1964 i
111 1877 193 1940 tum
230 1865 530 1938 Hauoniensium
573 1865 922 1961 imperatorumque
966 1857 1214 1954 quorumdem

16 1965 20 2056 l
113 1969 373 2041 Romanorum
401 1978 440 2038 et
465 1963 989 2063 constantinopolitanorum
1019 1967 1055 2030 et
1080 1978 1214 2052 regum

16 2057 20 2150 i
112 2069 366 2162 Francorum,
392 2066 805 2140 'iherosolimitanorum
827 2074 864 2136 et
882 2060 1007 2136 Sicilie
1028 2057 1215 2154 etAnglo·

16 2171 20 2276 {
113 2194 219 2264 rum,
244 2170 446 2241 multorum
473 2192 623 2265 quoque
647 2167 858 2276 principum
879 2174 916 2236 et
935 2163 1093 2236 aliorum
1114 2157 1215 2230 nobi·

16 2277 20 2354 ζ
113 2269 207 2341 lium
228 2293 312 2340 cum
339 2269 431 2366 ipsis
452 2267 664 2362 comitibuS,
690 2271 758 2340 sub
779 2265 960 2338 brevitate
980 2261 1105 2334 dicere
1133 2281 1216 2356 pro·

16 2435 19 2448 i
77 2413 79 2418 ,
113 2369 377 2470 posuerimus,
406 2373 452 2442 ab
477 2369 695 2440 Hermanno
722 2365 857 2439 comite
884 2363 945 2462 qui
972 2371 1058 2459 post
1085 2381 1216 2457 quem-

16 2487 20 2528 t
114 2471 243 2569 plures
259 2471 417 2542 comites
433 2468 651 2543 comitatum
667 2469 951 2542 Hancniensem
970 2466 1050 2539 iure
1069 2464 1216 2538 heredi·

16 2611 20 2632 ·
114 2572 211 2644 tario
227 2573 408 2670 possedit,
427 2582 466 2643 et
485 2595 569 2643 cum
585 2569 666 2644 eius
682 2595 798 2644 uxore
813 2571 993 2644 Richelde
1009 2567 1216 2663 comitissa,

16 2751 18 2770 ‚
115 2671 276 2746 muliere
316 2671 608 2770 prudentissima
648 2697 693 2744 ac
728 2672 1013 2770 potentissima,
1061 2667 1215 2740 inicium

114 2775 258 2846 habere
283 2774 479 2868 volumus,
515 2783 556 2845 ut
579 2774 665 2847 inde
691 2777 736 2846 ad
768 2771 992 2846 Balduinum
1025 2769 1216 2864 comitem,

113 2874 237 2946 virum
257 2874 441 2947 illustrem
462 2874 676 2946 animosum
706 2885 744 2947 et
770 2877 1008 2972 prudentem,
1044 2871 1216 2945 Balduini

16 3063 18 3072 X
113 2975 264 3047 cernitis
294 2986 330 3046 ct
357 2975 536 3048 Yolendis
571 2976 764 3048 comitisse
788 2975 926 3072 filium‚
963 2975 1025 3074 qui
1056 2997 1215 3047 uxorem

16 3133 21 3164 ,
113 3074 247 3148 habuit
264 3075 432 3146 belidem
454 3075 701 3167 comitissam,
722 3077 908 3149 Montibus
926 3079 963 3148 in
983 3075 1214 3148 munasterio

16 3169 27 3204 ²'
114 3182 228 3251 beate
246 3174 518 3260 waldetrudis,
536 3175 573 3244 in
593 3174 777 3271 superiori
797 3187 925 3272 crypta
944 3177 1064 3247 sancti
1083 3177 1216 3246 lohan-

16 3345 19 3378 ι
115 3276 176 3350 nis
205 3273 367 3372 baptiste
395 3275 605 3372 sepultam,v
627 3317 672 3330 —
707 3275 768 3372 qui
796 3277 945 3374 quidem
975 3299 1104 3348 comes
1129 3285 1218 3374 post

116 3377 256 3450 multos
283 3388 320 3448 et
345 3377 443 3448 inter
469 3377 606 3448 multos
632 3376 782 3450 labores
810 3383 904 3451 bona
931 3377 1132 3450 comitatus
1157 3376 1216 3450 sui

16 3479 21 3552 t
116 3476 370 3551 Hancniensis
399 3477 612 3574 ampliavit,
638 3488 675 3550 et
698 3481 849 3550 demum
870 3481 1056 3574 Montibus
1075 3480 1111 3550 in
1138 3502 1216 3550 mo·

116 3577 283 3652 nasteric
303 3582 413 3653 beate
424 3578 675 3652 Waldetrudis
694 3580 737 3652 in*
751 3580 935 3678 superiori
955 3581 1070 3652 choro
1090 3579 1216 3678 sepul·

116 3690 180 3750 tus
206 3679 274 3750 luit
304 3719 347 3732 ·-
383 3689 420 3750 et
451 3681 496 3750 ad
528 3679 609 3752 eius
637 3679 754 3753 filium
781 3683 1004 3755 Balduinum
1038 3681 1217 3767 comitem

16 3785 29 3826 '=
116 3779 403 3852 Hanoniensem
432 3789 469 3850 et
500 3779 661 3877 primum
695 3783 953 3855 marchionem
986 3783 1217 3856 Namurcen·

115 3904 216 3976 sem,
235 3880 357 3953 virum
378 3878 700 3977 sapientissimum
719 3893 757 3955 et
776 3884 983 3982 principem
1002 3881 1218 3983 potentissi-

88 3985 91 3990 ’
120 4007 223 4054 mum
247 4023 291 4036 --
317 3980 446 4078 quiex
474 3992 581 4078 parte
606 3983 732 4056 uxoris
756 3986 1087 4082 sucMargharete
1111 3985 1217 4058 Flan-

36 4139 37 4144 η
115 4083 344 4180 driam·per
378 4081 519 4179 aliquot
553 4107 673 4157 annas
709 4085 898 4182 possedit,
941 4087 1217 4185 defunctusque

115 4183 305 4257 Montibus
338 4183 374 4255 in
407 4183 530 4258 medio
563 4185 793 4260 monasterio
825 4191 934 4260 beate
965 4189 1216 4266 Waldetrudis

16 4347 19 4370 ,
117 4305 146 4378 t)
165 4307 237 4364 Vide
257 4310 283 4363 in
304 4311 424 4365 adnexis.
