<?xml version="1.0" encoding="UTF-8"?>
<!DOCTYPE html PUBLIC "-//W3C//DTD XHTML 1.0 Transitional//EN"
    "http://www.w3.org/TR/xhtml1/DTD/xhtml1-transitional.dtd">
<html xmlns="http://www.w3.org/1999/xhtml" xml:lang="en" lang="en">
 <head>
  <title>
</title>
<meta http-equiv="Content-Type" content="text/html;charset=utf-8" />
  <meta name='ocr-system' content='tesseract 3.04.00' />
  <meta name='ocr-capabilities' content='ocr_page ocr_carea ocr_par ocr_line ocrx_word'/>
</head>
<body>
  <div class='ocr_page' id='page_1' title='image "./gislebertichron00gislgoog_0292.png"; bbox 0 0 3002 4790; ppageno 0'>
   <div class='ocr_carea' id='block_1_1' title="bbox 723 400 1001 481">
    <p class='ocr_par' dir='ltr' id='par_1_1' title="bbox 723 400 1001 481">
     <span class='ocr_line' id='line_1_1' title="bbox 723 400 1001 481; baseline -0.007 -5"><span class='ocrx_word' id='word_1_1' title='bbox 723 400 1001 481; x_wconf 77' lang='lat' dir='ltr'>GlSLEBERTl</span> 
     </span>
    </p>
   </div>
   <div class='ocr_carea' id='block_1_2' title="bbox 203 595 1482 4035">
    <p class='ocr_par' dir='ltr' id='par_1_2' title="bbox 227 595 1481 2015">
     <span class='ocr_line' id='line_1_2' title="bbox 227 595 1430 702; baseline -0.002 -24"><span class='ocrx_word' id='word_1_2' title='bbox 227 595 496 701; x_wconf 80' lang='lat' dir='ltr'>rios.irer·nagii</span> <span class='ocrx_word' id='word_1_3' title='bbox 522 613 560 678; x_wconf 86' lang='lat' dir='ltr'>et</span> <span class='ocrx_word' id='word_1_4' title='bbox 578 602 820 678; x_wconf 87' lang='lat' dir='ltr'>medictatem</span> <span class='ocrx_word' id='word_1_5' title='bbox 838 627 974 700; x_wconf 79' lang='lat' dir='ltr'>arene,</span> <span class='ocrx_word' id='word_1_6' title='bbox 992 603 1029 676; x_wconf 96' lang='lat' dir='ltr'>in</span> <span class='ocrx_word' id='word_1_7' title='bbox 1049 613 1157 702; x_wconf 85' lang='lat' dir='ltr'>parte</span> <span class='ocrx_word' id='word_1_8' title='bbox 1176 629 1244 679; x_wconf 88' lang='lat' dir='ltr'>sua</span> <span class='ocrx_word' id='word_1_9' title='bbox 1264 603 1430 678; x_wconf 86' lang='lat' dir='ltr'>decime</span> 
     </span>
     <span class='ocr_line' id='line_1_3' title="bbox 315 704 1430 805; baseline -0.002 -27"><span class='ocrx_word' id='word_1_10' title='bbox 315 709 415 805; x_wconf 85' lang='lat' dir='ltr'>apud</span> <span class='ocrx_word' id='word_1_11' title='bbox 433 704 618 780; x_wconf 82' lang='lat' dir='ltr'>bestinas.</span> <span class='ocrx_word' id='word_1_12' title='bbox 669 704 856 780; x_wconf 81' lang='lat' dir='ltr'><strong>Sacerdos</strong></span> <span class='ocrx_word' id='word_1_13' title='bbox 875 714 1002 778; x_wconf 88' lang='lat' dir='ltr'>autem</span> <span class='ocrx_word' id='word_1_14' title='bbox 1029 705 1092 778; x_wconf 91' lang='lat' dir='ltr'>ille</span> <span class='ocrx_word' id='word_1_15' title='bbox 1117 704 1155 778; x_wconf 94' lang='lat' dir='ltr'>in</span> <span class='ocrx_word' id='word_1_16' title='bbox 1183 707 1241 779; x_wconf 88' lang='lat' dir='ltr'>sui</span> <span class='ocrx_word' id='word_1_17' title='bbox 1266 705 1430 778; x_wconf 80' lang='lat' dir='ltr'>institu-</span> 
     </span>
     <span class='ocr_line' id='line_1_4' title="bbox 313 806 1428 905; baseline -0.002 -25"><span class='ocrx_word' id='word_1_18' title='bbox 313 807 415 881; x_wconf 86' lang='lat' dir='ltr'>tione</span> <span class='ocrx_word' id='word_1_19' title='bbox 433 817 512 878; x_wconf 88' lang='lat' dir='ltr'>tam</span> <span class='ocrx_word' id='word_1_20' title='bbox 530 829 644 905; x_wconf 88' lang='lat' dir='ltr'>super</span> <span class='ocrx_word' id='word_1_21' title='bbox 662 806 941 904; x_wconf 81' lang='lat' dir='ltr'>complemento</span> <span class='ocrx_word' id='word_1_22' title='bbox 960 806 1163 880; x_wconf 86' lang='lat' dir='ltr'>missarum</span> <span class='ocrx_word' id='word_1_23' title='bbox 1192 818 1230 880; x_wconf 91' lang='lat' dir='ltr'>et</span> <span class='ocrx_word' id='word_1_24' title='bbox 1251 807 1338 880; x_wconf 89' lang='lat' dir='ltr'>iure</span> <span class='ocrx_word' id='word_1_25' title='bbox 1360 827 1428 878; x_wconf 84' lang='lat' dir='ltr'>ca·</span> 
     </span>
     <span class='ocr_line' id='line_1_5' title="bbox 314 905 1428 1005; baseline -0.001 -25"><span class='ocrx_word' id='word_1_26' title='bbox 314 908 536 981; x_wconf 89' lang='lat' dir='ltr'>nonicorum</span> <span class='ocrx_word' id='word_1_27' title='bbox 551 906 671 980; x_wconf 89' lang='lat' dir='ltr'>sancti</span> <span class='ocrx_word' id='word_1_28' title='bbox 687 905 866 980; x_wconf 80' lang='lat' dir='ltr'><strong>Germani</strong></span> <span class='ocrx_word' id='word_1_29' title='bbox 885 909 1146 981; x_wconf 87' lang='lat' dir='ltr'>conservando</span> <span class='ocrx_word' id='word_1_30' title='bbox 1164 933 1277 1004; x_wconf 89' lang='lat' dir='ltr'>quam</span> <span class='ocrx_word' id='word_1_31' title='bbox 1297 931 1428 1005; x_wconf 85' lang='lat' dir='ltr'>super</span> 
     </span>
     <span class='ocr_line' id='line_1_6' title="bbox 314 1007 1424 1082; baseline -0.002 0"><span class='ocrx_word' id='word_1_32' title='bbox 314 1008 437 1082; x_wconf 88' lang='lat' dir='ltr'>officio</span> <span class='ocrx_word' id='word_1_33' title='bbox 453 1007 711 1082; x_wconf 87' lang='lat' dir='ltr'>ecclesiastico</span> <span class='ocrx_word' id='word_1_34' title='bbox 722 1011 832 1082; x_wconf 90' lang='lat' dir='ltr'>beate</span> <span class='ocrx_word' id='word_1_35' title='bbox 844 1008 1073 1082; x_wconf 88' lang='lat' dir='ltr'>Waldetrudi</span> <span class='ocrx_word' id='word_1_36' title='bbox 1089 1009 1299 1082; x_wconf 84' lang='lat' dir='ltr'>exhibendo</span> <span class='ocrx_word' id='word_1_37' title='bbox 1316 1009 1424 1080; x_wconf 86' lang='lat' dir='ltr'>iura·</span> 
     </span>
     <span class='ocr_line' id='line_1_7' title="bbox 315 1108 1422 1208; baseline -0.001 -25"><span class='ocrx_word' id='word_1_38' title='bbox 315 1121 484 1184; x_wconf 90' lang='lat' dir='ltr'>mentum</span> <span class='ocrx_word' id='word_1_39' title='bbox 514 1109 704 1208; x_wconf 79' lang='lat' dir='ltr'>prestabit.</span> <span class='ocrx_word' id='word_1_40' title='bbox 758 1109 881 1207; x_wconf 82' lang='lat' dir='ltr'>Super</span> <span class='ocrx_word' id='word_1_41' title='bbox 907 1108 965 1182; x_wconf 91' lang='lat' dir='ltr'>bis</span> <span class='ocrx_word' id='word_1_42' title='bbox 999 1109 1173 1207; x_wconf 82' lang='lat' dir='ltr'>equidem</span> <span class='ocrx_word' id='word_1_43' title='bbox 1199 1110 1422 1184; x_wconf 88' lang='lat' dir='ltr'>ordinatum</span> 
     </span>
     <span class='ocr_line' id='line_1_8' title="bbox 296 1209 1423 1308; baseline -0.001 -26"><span class='ocrx_word' id='word_1_44' title='bbox 296 1210 395 1306; x_wconf 66' lang='lat' dir='ltr'>‘suin</span> <span class='ocrx_word' id='word_1_45' title='bbox 416 1222 455 1284; x_wconf 96' lang='lat' dir='ltr'>ut</span> <span class='ocrx_word' id='word_1_46' title='bbox 473 1211 505 1284; x_wconf 88' lang='lat' dir='ltr'>si</span> <span class='ocrx_word' id='word_1_47' title='bbox 524 1209 636 1308; x_wconf 85' lang='lat' dir='ltr'>aliqui</span> <span class='ocrx_word' id='word_1_48' title='bbox 655 1212 893 1284; x_wconf 89' lang='lat' dir='ltr'>sacerdotum</span> <span class='ocrx_word' id='word_1_49' title='bbox 913 1210 988 1302; x_wconf 80' lang='lat' dir='ltr'>iam</span> <span class='ocrx_word' id='word_1_50' title='bbox 1008 1211 1299 1307; x_wconf 84' lang='lat' dir='ltr'>nominatorum,</span> <span class='ocrx_word' id='word_1_51' title='bbox 1324 1211 1423 1282; x_wconf 85' lang='lat' dir='ltr'>Mel·</span> 
     </span>
     <span class='ocr_line' id='line_1_9' title="bbox 314 1309 1480 1410; baseline -0.003 -24"><span class='ocrx_word' id='word_1_52' title='bbox 314 1312 484 1410; x_wconf 88' lang='lat' dir='ltr'>bodiensi</span> <span class='ocrx_word' id='word_1_53' title='bbox 512 1312 676 1408; x_wconf 70' lang='lat' dir='ltr'>scilicet,</span> <span class='ocrx_word' id='word_1_54' title='bbox 704 1311 932 1397; x_wconf 88' lang='lat' dir='ltr'>Condatensi</span> <span class='ocrx_word' id='word_1_55' title='bbox 953 1322 990 1385; x_wconf 90' lang='lat' dir='ltr'>et</span> <span class='ocrx_word' id='word_1_56' title='bbox 1007 1311 1234 1409; x_wconf 84' lang='lat' dir='ltr'>Sonegiensi</span> <span class='ocrx_word' id='word_1_57' title='bbox 1253 1323 1291 1385; x_wconf 91' lang='lat' dir='ltr'>et</span> <span class='ocrx_word' id='word_1_58' title='bbox 1308 1311 1421 1384; x_wconf 86' lang='lat' dir='ltr'>Mon·</span> <span class='ocrx_word' id='word_1_59' title='bbox 1478 1309 1480 1338; x_wconf 64' lang='lat'>³</span> 
     </span>
     <span class='ocr_line' id='line_1_10' title="bbox 313 1412 1418 1511; baseline 0 -27"><span class='ocrx_word' id='word_1_60' title='bbox 313 1412 426 1507; x_wconf 74' lang='lat' dir='ltr'>tensi,</span> <span class='ocrx_word' id='word_1_61' title='bbox 455 1415 680 1511; x_wconf 84' lang='lat' dir='ltr'><strong>quandoque</strong></span> <span class='ocrx_word' id='word_1_62' title='bbox 708 1412 891 1509; x_wconf 79' lang='lat' dir='ltr'>placuerit</span> <span class='ocrx_word' id='word_1_63' title='bbox 917 1415 1009 1486; x_wconf 90' lang='lat' dir='ltr'>duas</span> <span class='ocrx_word' id='word_1_64' title='bbox 1037 1413 1175 1498; x_wconf 32' lang='lat' dir='ltr'>miss-as</span> <span class='ocrx_word' id='word_1_65' title='bbox 1201 1413 1239 1486; x_wconf 93' lang='lat' dir='ltr'>in</span> <span class='ocrx_word' id='word_1_66' title='bbox 1258 1437 1334 1485; x_wconf 86' lang='lat' dir='ltr'>una</span> <span class='ocrx_word' id='word_1_67' title='bbox 1352 1412 1418 1485; x_wconf 89' lang='lat' dir='ltr'>dic</span> 
     </span>
     <span class='ocr_line' id='line_1_11' title="bbox 315 1512 1417 1612; baseline 0 -27"><span class='ocrx_word' id='word_1_68' title='bbox 315 1514 521 1607; x_wconf 69' lang='lat' dir='ltr'>celebrare,</span> <span class='ocrx_word' id='word_1_69' title='bbox 548 1513 667 1611; x_wconf 88' lang='lat' dir='ltr'>prima</span> <span class='ocrx_word' id='word_1_70' title='bbox 694 1537 761 1610; x_wconf 91' lang='lat' dir='ltr'>pro</span> <span class='ocrx_word' id='word_1_71' title='bbox 791 1512 961 1586; x_wconf 87' lang='lat' dir='ltr'>fidelibus</span> <span class='ocrx_word' id='word_1_72' title='bbox 987 1514 1278 1588; x_wconf 80' lang='lat' dir='ltr'>defunctiscum</span> <span class='ocrx_word' id='word_1_73' title='bbox 1297 1537 1417 1612; x_wconf 82' lang='lat' dir='ltr'>prosa</span> 
     </span>
     <span class='ocr_line' id='line_1_12' title="bbox 316 1613 1480 1698; baseline -0.002 -11"><span class='ocrx_word' id='word_1_74' title='bbox 316 1625 353 1687; x_wconf 90' lang='lat' dir='ltr'>et</span> <span class='ocrx_word' id='word_1_75' title='bbox 367 1613 607 1688; x_wconf 87' lang='lat' dir='ltr'>veneratione</span> <span class='ocrx_word' id='word_1_76' title='bbox 623 1613 881 1687; x_wconf 77' lang='lat' dir='ltr'>celebrabitur</span> <span class='ocrx_word' id='word_1_77' title='bbox 917 1615 970 1688; x_wconf 82' lang='lat' dir='ltr'>Ad</span> <span class='ocrx_word' id='word_1_78' title='bbox 991 1616 1061 1688; x_wconf 88' lang='lat' dir='ltr'>hec</span> <span class='ocrx_word' id='word_1_79' title='bbox 1076 1627 1284 1688; x_wconf 88' lang='lat' dir='ltr'>conventus</span> <span class='ocrx_word' id='word_1_80' title='bbox 1301 1619 1416 1688; x_wconf 87' lang='lat' dir='ltr'>beate</span> <span class='ocrx_word' id='word_1_81' title='bbox 1479 1669 1480 1698; x_wconf 44' lang='grc'><strong>;</strong></span> 
     </span>
     <span class='ocr_line' id='line_1_13' title="bbox 314 1703 1480 1830; baseline -0.001 -41"><span class='ocrx_word' id='word_1_82' title='bbox 314 1714 603 1790; x_wconf 87' lang='lat' dir='ltr'>Waldetr&#39;udis</span> <span class='ocrx_word' id='word_1_83' title='bbox 594 1714 666 1814; x_wconf 85' lang='lat' dir='ltr'>ipsi</span> <span class='ocrx_word' id='word_1_84' title='bbox 695 1713 844 1788; x_wconf 90' lang='lat' dir='ltr'>domino</span> <span class='ocrx_word' id='word_1_85' title='bbox 870 1703 1027 1813; x_wconf 74' lang='lat' dir='ltr'>principi</span> <span class='ocrx_word' id='word_1_86' title='bbox 1056 1740 1201 1830; x_wconf 90' lang='lat' dir='ltr'>suoque</span> <span class='ocrx_word' id='word_1_87' title='bbox 1230 1715 1416 1789; x_wconf 88' lang='lat' dir='ltr'>advocato</span> <span class='ocrx_word' id='word_1_88' title='bbox 1479 1717 1480 1748; x_wconf 47' lang='lat' dir='ltr'>l</span> 
     </span>
     <span class='ocr_line' id='line_1_14' title="bbox 315 1815 1414 1910; baseline 0.002 -22"><span class='ocrx_word' id='word_1_89' title='bbox 315 1825 354 1888; x_wconf 88' lang='lat' dir='ltr'>et</span> <span class='ocrx_word' id='word_1_90' title='bbox 371 1816 508 1910; x_wconf 75' lang='lat' dir='ltr'>abbati,</span> <span class='ocrx_word' id='word_1_91' title='bbox 528 1815 634 1889; x_wconf 92' lang='lat' dir='ltr'>cuius</span> <span class='ocrx_word' id='word_1_92' title='bbox 648 1815 887 1889; x_wconf 90' lang='lat' dir='ltr'>dilectionem</span> <span class='ocrx_word' id='word_1_93' title='bbox 908 1827 945 1889; x_wconf 92' lang='lat' dir='ltr'>et</span> <span class='ocrx_word' id='word_1_94' title='bbox 965 1816 1255 1890; x_wconf 82' lang='lat' dir='ltr'>familiaritatem</span> <span class='ocrx_word' id='word_1_95' title='bbox 1271 1815 1414 1890; x_wconf 85' lang='lat' dir='ltr'>ceteris</span> 
     </span>
     <span class='ocr_line' id='line_1_15' title="bbox 314 1913 1481 2032; baseline -0.005 -42"><span class='ocrx_word' id='word_1_96' title='bbox 314 1913 547 2015; x_wconf 83' lang='lat' dir='ltr'>preferebat</span> <span class='ocrx_word' id='word_1_97' title='bbox 584 1916 749 1991; x_wconf 87' lang='lat' dir='ltr'>caritatis</span> <span class='ocrx_word' id='word_1_98' title='bbox 780 1917 915 1992; x_wconf 88' lang='lat' dir='ltr'>intuitu</span> <span class='ocrx_word' id='word_1_99' title='bbox 948 1919 1137 1992; x_wconf 81' lang='lat' dir='ltr'>concessit</span> <span class='ocrx_word' id='word_1_100' title='bbox 1168 1928 1205 1991; x_wconf 90' lang='lat' dir='ltr'>et</span> <span class='ocrx_word' id='word_1_101' title='bbox 1234 1916 1414 2032; x_wconf 77' lang='lat' dir='ltr'>firmavit,</span> <span class='ocrx_word' id='word_1_102' title='bbox 1480 1947 1481 1984; x_wconf 70' lang='grc' dir='ltr'>ς</span> 
     </span>
    </p>

    <p class='ocr_par' dir='ltr' id='par_1_3' title="bbox 229 2017 1482 3526">
     <span class='ocr_line' id='line_1_16' title="bbox 229 2017 1413 2116; baseline 0.001 -26"><span class='ocrx_word' id='word_1_103' title='bbox 229 2039 231 2047; x_wconf 75' lang='grc'>’</span> <span class='ocrx_word' id='word_1_104' title='bbox 316 2022 412 2115; x_wconf 86' lang='lat' dir='ltr'>quod</span> <span class='ocrx_word' id='word_1_105' title='bbox 433 2027 520 2116; x_wconf 94' lang='lat' dir='ltr'>post</span> <span class='ocrx_word' id='word_1_106' title='bbox 539 2017 620 2090; x_wconf 90' lang='lat' dir='ltr'>eius</span> <span class='ocrx_word' id='word_1_107' title='bbox 640 2020 842 2091; x_wconf 87' lang='lat' dir='ltr'>decessum</span> <span class='ocrx_word' id='word_1_108' title='bbox 861 2043 1007 2115; x_wconf 89' lang='lat' dir='ltr'>quaqua</span> <span class='ocrx_word' id='word_1_109' title='bbox 1024 2021 1081 2092; x_wconf 91' lang='lat' dir='ltr'>die</span> <span class='ocrx_word' id='word_1_110' title='bbox 1096 2019 1201 2092; x_wconf 90' lang='lat' dir='ltr'>Lune</span> <span class='ocrx_word' id='word_1_111' title='bbox 1219 2019 1293 2093; x_wconf 91' lang='lat' dir='ltr'>ad</span> <span class='ocrx_word' id='word_1_112' title='bbox 1283 2043 1413 2116; x_wconf 82' lang='lat' dir='ltr'>ipsum</span> 
     </span>
     <span class='ocr_line' id='line_1_17' title="bbox 310 2118 1415 2214; baseline 0.002 -24"><span class='ocrx_word' id='word_1_113' title='bbox 310 2119 432 2192; x_wconf 88' lang='lat' dir='ltr'>altare</span> <span class='ocrx_word' id='word_1_114' title='bbox 460 2119 580 2214; x_wconf 77' lang='lat' dir='ltr'>sancti</span> <span class='ocrx_word' id='word_1_115' title='bbox 599 2118 723 2201; x_wconf 81' lang='lat' dir='ltr'>lacobi</span> <span class='ocrx_word' id='word_1_116' title='bbox 743 2121 899 2193; x_wconf 88' lang='lat' dir='ltr'>missam</span> <span class='ocrx_word' id='word_1_117' title='bbox 921 2121 1210 2194; x_wconf 83' lang='lat' dir='ltr'>conventualem</span> <span class='ocrx_word' id='word_1_118' title='bbox 1238 2130 1327 2192; x_wconf 86' lang='lat' dir='ltr'>ante</span> <span class='ocrx_word' id='word_1_119' title='bbox 1346 2121 1415 2192; x_wconf 95' lang='lat' dir='ltr'>bo-</span> 
     </span>
     <span class='ocr_line' id='line_1_18' title="bbox 312 2218 1412 2320; baseline 0.007 -30"><span class='ocrx_word' id='word_1_120' title='bbox 312 2243 393 2292; x_wconf 88' lang='lat' dir='ltr'>ram</span> <span class='ocrx_word' id='word_1_121' title='bbox 415 2219 486 2292; x_wconf 87' lang='lat' dir='ltr'>dici</span> <span class='ocrx_word' id='word_1_122' title='bbox 515 2218 674 2319; x_wconf 83' lang='lat' dir='ltr'>primam</span> <span class='ocrx_word' id='word_1_123' title='bbox 703 2244 789 2292; x_wconf 91' lang='lat' dir='ltr'>cum</span> <span class='ocrx_word' id='word_1_124' title='bbox 815 2223 1010 2294; x_wconf 86' lang='lat' dir='ltr'>sacerdote</span> <span class='ocrx_word' id='word_1_125' title='bbox 1030 2222 1210 2320; x_wconf 71' lang='lat' dir='ltr'>predicto,</span> <span class='ocrx_word' id='word_1_126' title='bbox 1236 2221 1412 2295; x_wconf 84' lang='lat' dir='ltr'>adhibitis</span> 
     </span>
     <span class='ocr_line' id='line_1_19' title="bbox 313 2321 1410 2417; baseline 0.001 -22"><span class='ocrx_word' id='word_1_127' title='bbox 313 2323 482 2415; x_wconf 86' lang='lat' dir='ltr'>dyacono</span> <span class='ocrx_word' id='word_1_128' title='bbox 503 2332 541 2394; x_wconf 91' lang='lat' dir='ltr'>et</span> <span class='ocrx_word' id='word_1_129' title='bbox 559 2323 813 2417; x_wconf 76' lang='lat' dir='ltr'>subdyacono,</span> <span class='ocrx_word' id='word_1_130' title='bbox 833 2321 1044 2396; x_wconf 85' lang='lat' dir='ltr'>celebrabit.</span> <span class='ocrx_word' id='word_1_131' title='bbox 1083 2324 1261 2417; x_wconf 85' lang='lat' dir='ltr'>Dyacono</span> <span class='ocrx_word' id='word_1_132' title='bbox 1280 2333 1410 2396; x_wconf 89' lang='lat' dir='ltr'>autem</span> 
     </span>
     <span class='ocr_line' id='line_1_20' title="bbox 314 2421 1412 2520; baseline 0.004 -26"><span class='ocrx_word' id='word_1_133' title='bbox 314 2432 360 2494; x_wconf 75' lang='lat' dir='ltr'>etv</span> <span class='ocrx_word' id='word_1_134' title='bbox 378 2425 618 2516; x_wconf 87' lang='lat' dir='ltr'>subdyacono</span> <span class='ocrx_word' id='word_1_135' title='bbox 642 2421 726 2520; x_wconf 91' lang='lat' dir='ltr'>ipse</span> <span class='ocrx_word' id='word_1_136' title='bbox 750 2422 926 2496; x_wconf 89' lang='lat' dir='ltr'>domiuus</span> <span class='ocrx_word' id='word_1_137' title='bbox 959 2447 1088 2496; x_wconf 89' lang='lat' dir='ltr'>comes</span> <span class='ocrx_word' id='word_1_138' title='bbox 1120 2423 1329 2520; x_wconf 82' lang='lat' dir='ltr'>assignavit</span> <span class='ocrx_word' id='word_1_139' title='bbox 1361 2425 1412 2498; x_wconf 80' lang='lat'>20</span> 
     </span>
     <span class='ocr_line' id='line_1_21' title="bbox 313 2521 1409 2623; baseline 0.003 -28"><span class='ocrx_word' id='word_1_140' title='bbox 313 2523 453 2596; x_wconf 90' lang='lat' dir='ltr'>solidos</span> <span class='ocrx_word' id='word_1_141' title='bbox 479 2521 753 2595; x_wconf 89' lang='lat' dir='ltr'>denariorum</span> <span class='ocrx_word' id='word_1_142' title='bbox 745 2546 780 2594; x_wconf 93' lang='lat' dir='ltr'>m</span> <span class='ocrx_word' id='word_1_143' title='bbox 808 2523 984 2596; x_wconf 83' lang='lat' dir='ltr'>censibus</span> <span class='ocrx_word' id='word_1_144' title='bbox 1013 2525 1090 2596; x_wconf 92' lang='lat' dir='ltr'>suis</span> <span class='ocrx_word' id='word_1_145' title='bbox 1118 2528 1215 2623; x_wconf 89' lang='lat' dir='ltr'>apud</span> <span class='ocrx_word' id='word_1_146' title='bbox 1234 2524 1409 2598; x_wconf 87' lang='lat' dir='ltr'>Lestinas</span> 
     </span>
     <span class='ocr_line' id='line_1_22' title="bbox 313 2621 1411 2723; baseline 0.001 -27"><span class='ocrx_word' id='word_1_147' title='bbox 313 2624 475 2710; x_wconf 85' lang='lat' dir='ltr'>infesto</span> <span class='ocrx_word' id='word_1_148' title='bbox 508 2621 629 2695; x_wconf 91' lang='lat' dir='ltr'>sancti</span> <span class='ocrx_word' id='word_1_149' title='bbox 654 2622 804 2695; x_wconf 87' lang='lat' dir='ltr'>Andree</span> <span class='ocrx_word' id='word_1_150' title='bbox 828 2623 1175 2722; x_wconf 81' lang='lat' dir='ltr'>percipiendorum,</span> <span class='ocrx_word' id='word_1_151' title='bbox 1202 2649 1296 2723; x_wconf 88' lang='lat' dir='ltr'>quos</span> <span class='ocrx_word' id='word_1_152' title='bbox 1324 2629 1411 2719; x_wconf 85' lang='lat' dir='ltr'>dyo</span> 
     </span>
     <span class='ocr_line' id='line_1_23' title="bbox 314 2713 1409 2824; baseline 0.002 -28"><span class='ocrx_word' id='word_1_153' title='bbox 314 2749 431 2798; x_wconf 73' lang='lat' dir='ltr'>contis</span> <span class='ocrx_word' id='word_1_154' title='bbox 465 2735 501 2796; x_wconf 89' lang='lat' dir='ltr'>et</span> <span class='ocrx_word' id='word_1_155' title='bbox 533 2713 784 2796; x_wconf 86' lang='lat' dir='ltr'>subdiaconus</span> <span class='ocrx_word' id='word_1_156' title='bbox 815 2723 914 2797; x_wconf 90' lang='lat' dir='ltr'>inter</span> <span class='ocrx_word' id='word_1_157' title='bbox 943 2747 986 2797; x_wconf 88' lang='lat' dir='ltr'>se</span> <span class='ocrx_word' id='word_1_158' title='bbox 1019 2727 1203 2824; x_wconf 88' lang='lat' dir='ltr'>equaliter</span> <span class='ocrx_word' id='word_1_159' title='bbox 1232 2726 1409 2800; x_wconf 87' lang='lat' dir='ltr'>divident.</span> 
     </span>
     <span class='ocr_line' id='line_1_24' title="bbox 314 2823 1410 2920; baseline 0.004 -24"><span class='ocrx_word' id='word_1_160' title='bbox 314 2827 450 2898; x_wconf 88' lang='lat' dir='ltr'>Custos</span> <span class='ocrx_word' id='word_1_161' title='bbox 479 2835 606 2897; x_wconf 87' lang='lat' dir='ltr'>autem</span> <span class='ocrx_word' id='word_1_162' title='bbox 634 2823 705 2920; x_wconf 92' lang='lat' dir='ltr'>ipsi</span> <span class='ocrx_word' id='word_1_163' title='bbox 734 2825 910 2918; x_wconf 70' lang='lat' dir='ltr'>ecclesie,</span> <span class='ocrx_word' id='word_1_164' title='bbox 937 2825 1105 2906; x_wconf 88' lang='lat' dir='ltr'>eiusdem</span> <span class='ocrx_word' id='word_1_165' title='bbox 1126 2827 1273 2900; x_wconf 89' lang='lat' dir='ltr'>comitis</span> <span class='ocrx_word' id='word_1_166' title='bbox 1292 2827 1410 2900; x_wconf 89' lang='lat' dir='ltr'>ulum·</span> 
     </span>
     <span class='ocr_line' id='line_1_25' title="bbox 314 2924 1414 3024; baseline 0.006 -27"><span class='ocrx_word' id='word_1_167' title='bbox 314 2924 431 3024; x_wconf 88' lang='lat' dir='ltr'>pnus1</span> <span class='ocrx_word' id='word_1_168' title='bbox 452 2934 490 2999; x_wconf 92' lang='lat' dir='ltr'>et</span> <span class='ocrx_word' id='word_1_169' title='bbox 508 2924 772 3020; x_wconf 87' lang='lat' dir='ltr'>cancellarius</span> <span class='ocrx_word' id='word_1_170' title='bbox 796 2926 1054 3022; x_wconf 86' lang='lat' dir='ltr'>Gislebertus</span> <span class='ocrx_word' id='word_1_171' title='bbox 1082 2931 1126 3001; x_wconf 92' lang='lat' dir='ltr'>ad</span> <span class='ocrx_word' id='word_1_172' title='bbox 1152 2930 1224 3002; x_wconf 89' lang='lat' dir='ltr'>bec</span> <span class='ocrx_word' id='word_1_173' title='bbox 1243 2928 1344 3001; x_wconf 88' lang='lat' dir='ltr'>auxit</span> <span class='ocrx_word' id='word_1_174' title='bbox 1362 2931 1414 3004; x_wconf 88' lang='lat' dir='ltr'>&#39;de</span> 
     </span>
     <span class='ocr_line' id='line_1_26' title="bbox 314 2982 1408 3128; baseline 0.002 -28"><span class='ocrx_word' id='word_1_175' title='bbox 314 3037 518 3124; x_wconf 88' lang='lat' dir='ltr'>personatu</span> <span class='ocrx_word' id='word_1_176' title='bbox 545 3026 735 3122; x_wconf 86' lang='lat' dir='ltr'>custodie</span> <span class='ocrx_word' id='word_1_177' title='bbox 760 2997 799 3099; x_wconf 79' lang='lat' dir='ltr'>it</span> <span class='ocrx_word' id='word_1_178' title='bbox 824 3026 947 3122; x_wconf 83' lang='lat' dir='ltr'>omnis</span> <span class='ocrx_word' id='word_1_179' title='bbox 976 2982 1159 3102; x_wconf 90' lang='lat' dir='ltr'>ecclesie</span> <span class='ocrx_word' id='word_1_180' title='bbox 1166 3039 1293 3103; x_wconf 89' lang='lat' dir='ltr'>custos</span> <span class='ocrx_word' id='word_1_181' title='bbox 1320 3055 1408 3128; x_wconf 90' lang='lat' dir='ltr'>qua-</span> 
     </span>
     <span class='ocr_line' id='line_1_27' title="bbox 314 3125 1444 3230; baseline 0.002 -28"><span class='ocrx_word' id='word_1_182' title='bbox 314 3153 386 3227; x_wconf 90' lang='lat' dir='ltr'>qua</span> <span class='ocrx_word' id='word_1_183' title='bbox 406 3127 494 3202; x_wconf 94' lang='lat' dir='ltr'>die</span> <span class='ocrx_word' id='word_1_184' title='bbox 484 3153 521 3202; x_wconf 88' lang='lat' dir='ltr'>rn</span> <span class='ocrx_word' id='word_1_185' title='bbox 542 3127 659 3202; x_wconf 88' lang='lat' dir='ltr'>missa</span> <span class='ocrx_word' id='word_1_186' title='bbox 679 3128 741 3200; x_wconf 88' lang='lat' dir='ltr'>illa</span> <span class='ocrx_word' id='word_1_187' title='bbox 761 3128 858 3202; x_wconf 88' lang='lat' dir='ltr'>cerei</span> <span class='ocrx_word' id='word_1_188' title='bbox 887 3129 995 3202; x_wconf 90' lang='lat' dir='ltr'>unius</span> <span class='ocrx_word' id='word_1_189' title='bbox 1023 3129 1151 3204; x_wconf 88' lang='lat' dir='ltr'>lumen</span> <span class='ocrx_word' id='word_1_190' title='bbox 1178 3141 1344 3230; x_wconf 87' lang='lat' dir='ltr'>apponat</span> <span class='ocrx_word' id='word_1_191' title='bbox 1370 3141 1408 3204; x_wconf 90' lang='lat' dir='ltr'>et</span> <span class='ocrx_word' id='word_1_192' title='bbox 1438 3125 1444 3134; x_wconf 76' lang='grc'>’</span> 
     </span>
     <span class='ocr_line' id='line_1_28' title="bbox 314 3229 1405 3327; baseline 0.001 -24"><span class='ocrx_word' id='word_1_193' title='bbox 314 3255 460 3327; x_wconf 88' lang='lat' dir='ltr'>quaqua</span> <span class='ocrx_word' id='word_1_194' title='bbox 477 3229 539 3302; x_wconf 85' lang='lat' dir='ltr'>dre</span> <span class='ocrx_word' id='word_1_195' title='bbox 550 3229 654 3302; x_wconf 84' lang='lat' dir='ltr'>buno</span> <span class='ocrx_word' id='word_1_196' title='bbox 675 3230 803 3302; x_wconf 90' lang='lat' dir='ltr'>lumen</span> <span class='ocrx_word' id='word_1_197' title='bbox 819 3231 976 3302; x_wconf 91' lang='lat' dir='ltr'>duorum</span> <span class='ocrx_word' id='word_1_198' title='bbox 993 3254 1199 3305; x_wconf 86' lang='lat' dir='ltr'>cereorum.</span> <span class='ocrx_word' id='word_1_199' title='bbox 1229 3234 1283 3305; x_wconf 84' lang='lat' dir='ltr'>Ad</span> <span class='ocrx_word' id='word_1_200' title='bbox 1304 3232 1405 3306; x_wconf 86' lang='lat' dir='ltr'>anni·</span> 
     </span>
     <span class='ocr_line' id='line_1_29' title="bbox 313 3332 1482 3431; baseline 0.003 -29"><span class='ocrx_word' id='word_1_201' title='bbox 313 3332 523 3404; x_wconf 85' lang='lat' dir='ltr'>versarium</span> <span class='ocrx_word' id='word_1_202' title='bbox 555 3354 645 3404; x_wconf 87' lang='lat' dir='ltr'>vero</span> <span class='ocrx_word' id='word_1_203' title='bbox 679 3354 792 3403; x_wconf 87' lang='lat' dir='ltr'>suurn</span> <span class='ocrx_word' id='word_1_204' title='bbox 822 3353 906 3402; x_wconf 88' lang='lat' dir='ltr'>curn</span> <span class='ocrx_word' id='word_1_205' title='bbox 942 3333 1187 3405; x_wconf 89' lang='lat' dir='ltr'>veneratione</span> <span class='ocrx_word' id='word_1_206' title='bbox 1225 3345 1402 3431; x_wconf 88' lang='lat' dir='ltr'>perpetuo</span> <span class='ocrx_word' id='word_1_207' title='bbox 1481 3371 1482 3424; x_wconf 66' lang='lat'>;</span> 
     </span>
     <span class='ocr_line' id='line_1_30' title="bbox 314 3429 1404 3544; baseline 0.004 -40"><span class='ocrx_word' id='word_1_208' title='bbox 314 3429 616 3544; x_wconf 82' lang='lat' dir='ltr'>celebrandum</span> <span class='ocrx_word' id='word_1_209' title='bbox 607 3453 690 3526; x_wconf 84' lang='lat' dir='ltr'>ipsc</span> <span class='ocrx_word' id='word_1_210' title='bbox 718 3431 891 3504; x_wconf 90' lang='lat' dir='ltr'>dominus</span> <span class='ocrx_word' id='word_1_211' title='bbox 920 3456 1048 3506; x_wconf 89' lang='lat' dir='ltr'>comes</span> <span class='ocrx_word' id='word_1_212' title='bbox 1068 3437 1117 3507; x_wconf 89' lang='lat'>60</span> <span class='ocrx_word' id='word_1_213' title='bbox 1135 3434 1276 3508; x_wconf 91' lang='lat' dir='ltr'>solidos</span> <span class='ocrx_word' id='word_1_214' title='bbox 1296 3438 1404 3508; x_wconf 90' lang='lat' dir='ltr'>dena·</span> 
     </span>
    </p>

    <p class='ocr_par' dir='ltr' id='par_1_4' title="bbox 204 3531 1406 3914">
     <span class='ocr_line' id='line_1_31' title="bbox 204 3531 1405 3630; baseline 0.008 -30.098"><span class='ocrx_word' id='word_1_215' title='bbox 204 3547 304 3602; x_wconf 72' lang='lat' dir='ltr'>emt</span> <span class='ocrx_word' id='word_1_216' title='bbox 314 3533 453 3604; x_wconf 90' lang='lat' dir='ltr'>riorum</span> <span class='ocrx_word' id='word_1_217' title='bbox 468 3532 504 3602; x_wconf 91' lang='lat' dir='ltr'>in</span> <span class='ocrx_word' id='word_1_218' title='bbox 521 3531 726 3604; x_wconf 87' lang='lat' dir='ltr'>censibus</span> <span class='ocrx_word' id='word_1_219' title='bbox 727 3532 807 3606; x_wconf 89' lang='lat' dir='ltr'>suis</span> <span class='ocrx_word' id='word_1_220' title='bbox 822 3537 919 3630; x_wconf 88' lang='lat' dir='ltr'>apud</span> <span class='ocrx_word' id='word_1_221' title='bbox 934 3533 1132 3607; x_wconf 88' lang='lat' dir='ltr'>Lestinas</span> <span class='ocrx_word' id='word_1_222' title='bbox 1123 3559 1159 3606; x_wconf 84' lang='lat' dir='ltr'>in</span> <span class='ocrx_word' id='word_1_223' title='bbox 1175 3535 1272 3608; x_wconf 87' lang='lat' dir='ltr'>festo</span> <span class='ocrx_word' id='word_1_224' title='bbox 1288 3535 1405 3610; x_wconf 89' lang='lat' dir='ltr'>sancti</span> 
     </span>
     <span class='ocr_line' id='line_1_32' title="bbox 312 3631 1404 3745; baseline 0.003 -38"><span class='ocrx_word' id='word_1_225' title='bbox 312 3635 461 3708; x_wconf 90' lang='lat' dir='ltr'>Andree</span> <span class='ocrx_word' id='word_1_226' title='bbox 488 3631 813 3745; x_wconf 84' lang='lat' dir='ltr'>percipiendorum</span> <span class='ocrx_word' id='word_1_227' title='bbox 833 3634 1043 3732; x_wconf 81' lang='lat' dir='ltr'>assignavit</span> <span class='ocrx_word' id='word_1_228' title='bbox 1061 3635 1132 3732; x_wconf 81' lang='lat' dir='ltr'>ipsi</span> <span class='ocrx_word' id='word_1_229' title='bbox 1124 3635 1326 3732; x_wconf 72' lang='lat' dir='ltr'>ecclesie,</span> <span class='ocrx_word' id='word_1_230' title='bbox 1345 3637 1404 3734; x_wconf 85' lang='lat' dir='ltr'>qui</span> 
     </span>
     <span class='ocr_line' id='line_1_33' title="bbox 313 3733 1406 3812; baseline 0.004 -4"><span class='ocrx_word' id='word_1_231' title='bbox 313 3736 410 3808; x_wconf 88' lang='lat' dir='ltr'>inter</span> <span class='ocrx_word' id='word_1_232' title='bbox 437 3733 638 3808; x_wconf 87' lang='lat' dir='ltr'>canonicos</span> <span class='ocrx_word' id='word_1_233' title='bbox 668 3745 706 3806; x_wconf 90' lang='lat' dir='ltr'>et</span> <span class='ocrx_word' id='word_1_234' title='bbox 733 3735 934 3809; x_wconf 89' lang='lat' dir='ltr'>canonicas</span> <span class='ocrx_word' id='word_1_235' title='bbox 962 3740 1071 3809; x_wconf 85' lang='lat' dir='ltr'>beate</span> <span class='ocrx_word' id='word_1_236' title='bbox 1092 3738 1340 3812; x_wconf 83' lang='lat' dir='ltr'>Waldetrudis</span> <span class='ocrx_word' id='word_1_237' title='bbox 1368 3748 1406 3812; x_wconf 88' lang='lat' dir='ltr'>et</span> 
     </span>
     <span class='ocr_line' id='line_1_34' title="bbox 314 3835 1403 3914; baseline 0.005 -5"><span class='ocrx_word' id='word_1_238' title='bbox 314 3836 515 3909; x_wconf 88' lang='lat' dir='ltr'>canonicos</span> <span class='ocrx_word' id='word_1_239' title='bbox 541 3835 660 3908; x_wconf 88' lang='lat' dir='ltr'>sancti</span> <span class='ocrx_word' id='word_1_240' title='bbox 679 3835 856 3910; x_wconf 88' lang='lat' dir='ltr'>Germani</span> <span class='ocrx_word' id='word_1_241' title='bbox 884 3847 921 3908; x_wconf 88' lang='lat' dir='ltr'>et</span> <span class='ocrx_word' id='word_1_242' title='bbox 939 3840 1157 3912; x_wconf 89' lang='lat' dir='ltr'>sacerdotes</span> <span class='ocrx_word' id='word_1_243' title='bbox 1184 3851 1222 3912; x_wconf 89' lang='lat' dir='ltr'>et</span> <span class='ocrx_word' id='word_1_244' title='bbox 1248 3839 1403 3914; x_wconf 89' lang='lat' dir='ltr'>clericos</span> 
     </span>
    </p>

    <p class='ocr_par' dir='ltr' id='par_1_5' title="bbox 203 3936 1426 4035">
     <span class='ocr_line' id='line_1_35' title="bbox 203 3936 1426 4035; baseline 0.003 -25"><span class='ocrx_word' id='word_1_245' title='bbox 203 3956 204 3960; x_wconf 73' lang='grc'>’</span> <span class='ocrx_word' id='word_1_246' title='bbox 313 3938 405 4012; x_wconf 90' lang='lat' dir='ltr'>alios</span> <span class='ocrx_word' id='word_1_247' title='bbox 431 3936 716 4035; x_wconf 53' lang='lat' dir='ltr'>distribuentem</span> <span class='ocrx_word' id='word_1_248' title='bbox 748 3962 793 4010; x_wconf 82' lang='lat' dir='ltr'>eu</span> <span class='ocrx_word' id='word_1_249' title='bbox 818 3937 1076 4013; x_wconf 87' lang='lat' dir='ltr'>distributione</span> <span class='ocrx_word' id='word_1_250' title='bbox 1104 3950 1143 4013; x_wconf 87' lang='lat' dir='ltr'>et</span> <span class='ocrx_word' id='word_1_251' title='bbox 1170 3940 1426 4015; x_wconf 86' lang='lat' dir='ltr'>distinctione·</span> 
     </span>
    </p>
   </div>
   <div class='ocr_carea' id='block_1_3' title="bbox 315 4117 1402 4210">
    <p class='ocr_par' dir='ltr' id='par_1_6' title="bbox 315 4117 1402 4210">
     <span class='ocr_line' id='line_1_36' title="bbox 315 4117 1402 4210; baseline 0.004 -36"><span class='ocrx_word' id='word_1_252' title='bbox 315 4119 392 4210; x_wconf 39' lang='lat' dir='ltr'><strong>1).V.</strong></span> <span class='ocrx_word' id='word_1_253' title='bbox 410 4117 562 4176; x_wconf 83' lang='lat' dir='ltr'>Ministeria</span> <span class='ocrx_word' id='word_1_254' title='bbox 582 4122 672 4176; x_wconf 86' lang='lat' dir='ltr'>curiae</span> <span class='ocrx_word' id='word_1_255' title='bbox 692 4119 774 4176; x_wconf 84' lang='lat' dir='ltr'>Hain</span> <span class='ocrx_word' id='word_1_256' title='bbox 794 4122 865 4176; x_wconf 89' lang='lat' dir='ltr'>inter</span> <span class='ocrx_word' id='word_1_257' title='bbox 884 4125 1054 4194; x_wconf 81' lang='lat' dir='ltr'>appendices,</span> <span class='ocrx_word' id='word_1_258' title='bbox 1075 4117 1122 4178; x_wconf 88' lang='lat' dir='ltr'>ubi</span> <span class='ocrx_word' id='word_1_259' title='bbox 1140 4124 1221 4180; x_wconf 85' lang='lat' dir='ltr'>baec.</span> <span class='ocrx_word' id='word_1_260' title='bbox 1236 4119 1402 4192; x_wconf 81' lang='lat' dir='ltr'>Gillebcrtus</span> 
     </span>
    </p>
   </div>
   <div class='ocr_carea' id='block_1_4' title="bbox 216 4195 1405 4336">
    <p class='ocr_par' dir='ltr' id='par_1_7' title="bbox 216 4195 1405 4336">
     <span class='ocr_line' id='line_1_37' title="bbox 216 4195 1405 4270; baseline 0.006 -24"><span class='ocrx_word' id='word_1_261' title='bbox 216 4212 217 4215; x_wconf 42' lang='lat'>¹</span> <span class='ocrx_word' id='word_1_262' title='bbox 313 4198 408 4265; x_wconf 59' lang='grc' dir='ltr'>μοι’·-</span> <span class='ocrx_word' id='word_1_263' title='bbox 430 4198 579 4262; x_wconf 79' lang='lat' dir='ltr'>cpucritr&#39;o</span> <span class='ocrx_word' id='word_1_264' title='bbox 601 4211 651 4251; x_wconf 85' lang='lat' dir='ltr'>suc</span> <span class='ocrx_word' id='word_1_265' title='bbox 675 4210 704 4249; x_wconf 86' lang='lat' dir='ltr'>m</span> <span class='ocrx_word' id='word_1_266' title='bbox 728 4199 803 4250; x_wconf 82' lang='lat' dir='ltr'>curta</span> <span class='ocrx_word' id='word_1_267' title='bbox 827 4195 975 4254; x_wconf 79' lang='lat' dir='ltr'>llutnoenct</span> <span class='ocrx_word' id='word_1_268' title='bbox 995 4214 1078 4270; x_wconf 74' lang='lat' dir='ltr'>usquc</span> <span class='ocrx_word' id='word_1_269' title='bbox 1103 4201 1140 4253; x_wconf 85' lang='lat' dir='ltr'>cd</span> <span class='ocrx_word' id='word_1_270' title='bbox 1163 4201 1272 4256; x_wconf 79' lang='lat' dir='ltr'>senilem</span> <span class='ocrx_word' id='word_1_271' title='bbox 1294 4203 1405 4256; x_wconf 76' lang='lat' dir='ltr'>aarum</span> 
     </span>
     <span class='ocr_line' id='line_1_38' title="bbox 313 4267 556 4336; baseline 0 -15"><span class='ocrx_word' id='word_1_272' title='bbox 313 4269 440 4322; x_wconf 82' lang='lat' dir='ltr'>educatus</span> <span class='ocrx_word' id='word_1_273' title='bbox 455 4267 556 4336; x_wconf 83' lang='lat' dir='ltr'>fuerat.</span> 
     </span>
    </p>
   </div>
   <div class='ocr_carea' id='block_1_5' title="bbox 0 0 1506 4790">
    <p class='ocr_par' dir='ltr' id='par_1_8' title="bbox 0 0 1506 4790">
     <span class='ocr_line' id='line_1_39' title="bbox 0 0 1506 4790; baseline 0 0"><span class='ocrx_word' id='word_1_274' title='bbox 0 0 1506 4790; x_wconf 95' lang='lat' dir='ltr'> </span> 
     </span>
    </p>
   </div>
  </div>
 </body>
</html>
