<?xml version="1.0" encoding="UTF-8"?>
<!DOCTYPE html PUBLIC "-//W3C//DTD XHTML 1.0 Transitional//EN"
    "http://www.w3.org/TR/xhtml1/DTD/xhtml1-transitional.dtd">
<html xmlns="http://www.w3.org/1999/xhtml" xml:lang="en" lang="en">
 <head>
  <title>
</title>
<meta http-equiv="Content-Type" content="text/html;charset=utf-8" />
  <meta name='ocr-system' content='tesseract 3.04.00' />
  <meta name='ocr-capabilities' content='ocr_page ocr_carea ocr_par ocr_line ocrx_word'/>
</head>
<body>
  <div class='ocr_page' id='page_1' title='image "./gislebertichron00gislgoog_0241.png"; bbox 0 0 3002 4790; ppageno 0'>
   <div class='ocr_carea' id='block_1_1' title="bbox 367 421 1228 498">
    <p class='ocr_par' dir='ltr' id='par_1_1' title="bbox 367 421 1228 498">
     <span class='ocr_line' id='line_1_1' title="bbox 367 421 1228 498; baseline 0 0"><span class='ocrx_word' id='word_1_1' title='bbox 367 421 646 498; x_wconf 87' lang='lat' dir='ltr'><strong>CHRONICON</strong></span> <span class='ocrx_word' id='word_1_2' title='bbox 673 421 1003 496; x_wconf 66' lang='grc' dir='ltr'>Η11ΝΟΝ1Ε118Ε.4</span> <span class='ocrx_word' id='word_1_3' title='bbox 1156 426 1228 498; x_wconf 82' lang='lat'>237</span> 
     </span>
    </p>
   </div>
   <div class='ocr_carea' id='block_1_2' title="bbox 22 623 1377 3336">
    <p class='ocr_par' dir='ltr' id='par_1_2' title="bbox 117 623 1339 1931">
     <span class='ocr_line' id='line_1_2' title="bbox 117 623 1321 726; baseline 0.001 -26"><span class='ocrx_word' id='word_1_4' title='bbox 117 629 337 726; x_wconf 78' lang='lat' dir='ltr'>imperator</span> <span class='ocrx_word' id='word_1_5' title='bbox 355 627 614 724; x_wconf 86' lang='lat' dir='ltr'>episcopatum</span> <span class='ocrx_word' id='word_1_6' title='bbox 631 627 949 701; x_wconf 84' lang='lat' dir='ltr'>Cameracensem</span> <span class='ocrx_word' id='word_1_7' title='bbox 968 623 1125 698; x_wconf 80' lang='lat' dir='ltr'>Iohanni</span> <span class='ocrx_word' id='word_1_8' title='bbox 1143 649 1229 698; x_wconf 89' lang='lat' dir='ltr'>con·</span> <span class='ocrx_word' id='word_1_9' title='bbox 1241 642 1321 702; x_wconf 82' lang='lat' dir='ltr'>nol.</span> 
     </span>
     <span class='ocr_line' id='line_1_3' title="bbox 119 725 1230 825; baseline -0.001 -25"><span class='ocrx_word' id='word_1_10' title='bbox 119 729 226 824; x_wconf 78' lang='lat' dir='ltr'>autu,</span> <span class='ocrx_word' id='word_1_11' title='bbox 244 727 387 801; x_wconf 87' lang='lat' dir='ltr'>homini</span> <span class='ocrx_word' id='word_1_12' title='bbox 406 727 468 825; x_wconf 90' lang='lat' dir='ltr'>qui</span> <span class='ocrx_word' id='word_1_13' title='bbox 488 727 580 800; x_wconf 87' lang='lat' dir='ltr'>satis</span> <span class='ocrx_word' id='word_1_14' title='bbox 601 736 638 799; x_wconf 84' lang='lat' dir='ltr'>ot</span> <span class='ocrx_word' id='word_1_15' title='bbox 655 729 839 799; x_wconf 88' lang='lat' dir='ltr'>honestus</span> <span class='ocrx_word' id='word_1_16' title='bbox 856 736 895 798; x_wconf 92' lang='lat' dir='ltr'>et</span> <span class='ocrx_word' id='word_1_17' title='bbox 912 725 1114 822; x_wconf 83' lang='lat' dir='ltr'>religiosus</span> <span class='ocrx_word' id='word_1_18' title='bbox 1129 726 1230 799; x_wconf 85' lang='lat' dir='ltr'>vide·</span> 
     </span>
     <span class='ocr_line' id='line_1_4' title="bbox 119 827 1230 925; baseline -0.003 -23"><span class='ocrx_word' id='word_1_19' title='bbox 119 833 248 902; x_wconf 60' lang='lat' dir='ltr'>vbatur.</span> <span class='ocrx_word' id='word_1_20' title='bbox 276 829 476 902; x_wconf 86' lang='lat' dir='ltr'>Walchero</span> <span class='ocrx_word' id='word_1_21' title='bbox 491 837 618 902; x_wconf 87' lang='lat' dir='ltr'>autem</span> <span class='ocrx_word' id='word_1_22' title='bbox 634 827 820 901; x_wconf 87' lang='lat' dir='ltr'>ordinavit</span> <span class='ocrx_word' id='word_1_23' title='bbox 833 850 1021 925; x_wconf 87' lang='lat' dir='ltr'>expensas</span> <span class='ocrx_word' id='word_1_24' title='bbox 1037 849 1142 923; x_wconf 67' lang='lat' dir='ltr'>suas,</span> <span class='ocrx_word' id='word_1_25' title='bbox 1157 849 1230 924; x_wconf 88' lang='lat' dir='ltr'>que</span> 
     </span>
     <span class='ocr_line' id='line_1_5' title="bbox 127 929 1228 1024; baseline -0.002 -24"><span class='ocrx_word' id='word_1_26' title='bbox 127 939 239 1002; x_wconf 87' lang='lat' dir='ltr'>erant</span> <span class='ocrx_word' id='word_1_27' title='bbox 257 929 293 1000; x_wconf 90' lang='lat' dir='ltr'>in</span> <span class='ocrx_word' id='word_1_28' title='bbox 314 953 472 1002; x_wconf 88' lang='lat' dir='ltr'>numero</span> <span class='ocrx_word' id='word_1_29' title='bbox 488 929 589 1001; x_wconf 91' lang='lat' dir='ltr'>mille</span> <span class='ocrx_word' id='word_1_30' title='bbox 606 939 644 1000; x_wconf 85' lang='lat' dir='ltr'>et</span> <span class='ocrx_word' id='word_1_31' title='bbox 658 939 809 1006; x_wconf 86' lang='lat' dir='ltr'>uentum</span> <span class='ocrx_word' id='word_1_32' title='bbox 829 929 1068 1000; x_wconf 85' lang='lat' dir='ltr'>marcharum</span> <span class='ocrx_word' id='word_1_33' title='bbox 1088 949 1228 1024; x_wconf 77' lang='lat' dir='ltr'>magno</span> 
     </span>
     <span class='ocr_line' id='line_1_6' title="bbox 120 1026 1231 1128; baseline 0.001 -28"><span class='ocrx_word' id='word_1_34' title='bbox 120 1032 267 1127; x_wconf 78' lang='lat' dir='ltr'>pondo,</span> <span class='ocrx_word' id='word_1_35' title='bbox 286 1029 465 1128; x_wconf 76' lang='lat' dir='ltr'>persolvi,</span> <span class='ocrx_word' id='word_1_36' title='bbox 480 1040 518 1102; x_wconf 89' lang='lat' dir='ltr'>et</span> <span class='ocrx_word' id='word_1_37' title='bbox 531 1033 581 1104; x_wconf 87' lang='grc'>80</span> <span class='ocrx_word' id='word_1_38' title='bbox 595 1040 784 1102; x_wconf 86' lang='lat' dir='ltr'>marcatas</span> <span class='ocrx_word' id='word_1_39' title='bbox 799 1028 965 1102; x_wconf 86' lang='lat' dir='ltr'>redditus</span> <span class='ocrx_word' id='word_1_40' title='bbox 981 1031 1069 1101; x_wconf 88' lang='lat' dir='ltr'>dum</span> <span class='ocrx_word' id='word_1_41' title='bbox 1085 1026 1231 1101; x_wconf 84' lang='lat' dir='ltr'>viveret</span> 
     </span>
     <span class='ocr_line' id='line_1_7' title="bbox 122 1129 1228 1228; baseline -0.001 -27"><span class='ocrx_word' id='word_1_42' title='bbox 122 1131 291 1220; x_wconf 80' lang='lat' dir='ltr'>¹habendi</span> <span class='ocrx_word' id='word_1_43' title='bbox 324 1154 343 1201; x_wconf 92' lang='lat' dir='ltr'>a</span> <span class='ocrx_word' id='word_1_44' title='bbox 373 1131 540 1202; x_wconf 88' lang='lat' dir='ltr'>lohannc</span> <span class='ocrx_word' id='word_1_45' title='bbox 573 1131 767 1228; x_wconf 88' lang='lat' dir='ltr'>sepedicto</span> <span class='ocrx_word' id='word_1_46' title='bbox 800 1130 938 1226; x_wconf 79' lang='lat' dir='ltr'>elect05</span> <span class='ocrx_word' id='word_1_47' title='bbox 975 1153 1047 1227; x_wconf 84' lang='lat' dir='ltr'>quo</span> <span class='ocrx_word' id='word_1_48' title='bbox 1078 1129 1228 1225; x_wconf 88' lang='lat' dir='ltr'>quidem</span> 
     </span>
     <span class='ocr_line' id='line_1_8' title="bbox 119 1229 1227 1329; baseline -0.001 -28"><span class='ocrx_word' id='word_1_49' title='bbox 119 1231 255 1302; x_wconf 88' lang='lat' dir='ltr'>omnia</span> <span class='ocrx_word' id='word_1_50' title='bbox 281 1231 318 1302; x_wconf 93' lang='lat' dir='ltr'>iu</span> <span class='ocrx_word' id='word_1_51' title='bbox 344 1231 445 1302; x_wconf 86' lang='lat' dir='ltr'>nulla</span> <span class='ocrx_word' id='word_1_52' title='bbox 471 1241 579 1329; x_wconf 89' lang='lat' dir='ltr'>parte</span> <span class='ocrx_word' id='word_1_53' title='bbox 612 1235 657 1304; x_wconf 90' lang='lat' dir='ltr'>ab</span> <span class='ocrx_word' id='word_1_54' title='bbox 682 1231 912 1328; x_wconf 80' lang='lat' dir='ltr'>imperatore</span> <span class='ocrx_word' id='word_1_55' title='bbox 944 1230 1005 1302; x_wconf 85' lang='lat' dir='ltr'>vol</span> <span class='ocrx_word' id='word_1_56' title='bbox 1031 1253 1052 1302; x_wconf 86' lang='lat' dir='ltr'>a</span> <span class='ocrx_word' id='word_1_57' title='bbox 1077 1229 1227 1302; x_wconf 91' lang='lat' dir='ltr'>domiuo</span> 
     </span>
     <span class='ocr_line' id='line_1_9' title="bbox 124 1331 1230 1428; baseline -0.001 -25"><span class='ocrx_word' id='word_1_58' title='bbox 124 1331 295 1404; x_wconf 85' lang='lat' dir='ltr'>Iohanne</span> <span class='ocrx_word' id='word_1_59' title='bbox 327 1331 448 1404; x_wconf 83' lang='lat' dir='ltr'>electo</span> <span class='ocrx_word' id='word_1_60' title='bbox 481 1355 572 1428; x_wconf 83' lang='lat' dir='ltr'>erga</span> <span class='ocrx_word' id='word_1_61' title='bbox 605 1331 799 1403; x_wconf 91' lang='lat' dir='ltr'>dominum</span> <span class='ocrx_word' id='word_1_62' title='bbox 830 1331 1046 1404; x_wconf 85' lang='lat' dir='ltr'>Walcerum</span> <span class='ocrx_word' id='word_1_63' title='bbox 1068 1331 1230 1403; x_wconf 75' lang='lat' dir='ltr'>luerunt</span> 
     </span>
     <span class='ocr_line' id='line_1_10' title="bbox 120 1431 1228 1529; baseline 0.001 -27"><span class='ocrx_word' id='word_1_64' title='bbox 120 1435 340 1504; x_wconf 87' lang='lat' dir='ltr'>observata.</span> <span class='ocrx_word' id='word_1_65' title='bbox 391 1431 497 1518; x_wconf 85' lang='lat' dir='ltr'>Quod</span> <span class='ocrx_word' id='word_1_66' title='bbox 524 1432 674 1528; x_wconf 83' lang='lat' dir='ltr'>quidem</span> <span class='ocrx_word' id='word_1_67' title='bbox 702 1434 801 1529; x_wconf 85' lang='lat' dir='ltr'>apud</span> <span class='ocrx_word' id='word_1_68' title='bbox 825 1431 1076 1529; x_wconf 82' lang='lat' dir='ltr'>Haghcnoam</span> <span class='ocrx_word' id='word_1_69' title='bbox 1102 1441 1228 1503; x_wconf 90' lang='lat' dir='ltr'>actum</span> 
     </span>
     <span class='ocr_line' id='line_1_11' title="bbox 126 1530 1339 1630; baseline 0.006 -28"><span class='ocrx_word' id='word_1_70' title='bbox 126 1531 196 1604; x_wconf 90' lang='lat' dir='ltr'>fuit</span> <span class='ocrx_word' id='word_1_71' title='bbox 214 1533 251 1602; x_wconf 94' lang='lat' dir='ltr'>in</span> <span class='ocrx_word' id='word_1_72' title='bbox 271 1532 384 1603; x_wconf 88' lang='lat' dir='ltr'>natali</span> <span class='ocrx_word' id='word_1_73' title='bbox 400 1533 557 1605; x_wconf 84' lang='lat' dir='ltr'><strong>Domini.</strong></span> <span class='ocrx_word' id='word_1_74' title='bbox 593 1534 634 1604; x_wconf 96' lang='lat' dir='ltr'>ln</span> <span class='ocrx_word' id='word_1_75' title='bbox 654 1534 786 1630; x_wconf 90' lang='lat' dir='ltr'>quibus</span> <span class='ocrx_word' id='word_1_76' title='bbox 804 1531 924 1604; x_wconf 88' lang='lat' dir='ltr'>eciam</span> <span class='ocrx_word' id='word_1_77' title='bbox 940 1533 1070 1606; x_wconf 86' lang='lat' dir='ltr'>diebus</span> <span class='ocrx_word' id='word_1_78' title='bbox 1089 1530 1226 1606; x_wconf 85' lang='lat' dir='ltr'>ibidem</span> <span class='ocrx_word' id='word_1_79' title='bbox 1240 1553 1339 1610; x_wconf 69' lang='lat' dir='ltr'>outo.</span> 
     </span>
     <span class='ocr_line' id='line_1_12' title="bbox 123 1631 1228 1731; baseline 0.002 -28"><span class='ocrx_word' id='word_1_80' title='bbox 123 1631 303 1704; x_wconf 88' lang='lat' dir='ltr'>iudicium</span> <span class='ocrx_word' id='word_1_81' title='bbox 324 1633 498 1729; x_wconf 85' lang='lat' dir='ltr'>superius</span> <span class='ocrx_word' id='word_1_82' title='bbox 519 1632 740 1731; x_wconf 68' lang='lat' dir='ltr'>scriptum¹.,</span> <span class='ocrx_word' id='word_1_83' title='bbox 760 1631 882 1706; x_wconf 87' lang='lat' dir='ltr'>simila</span> <span class='ocrx_word' id='word_1_84' title='bbox 906 1633 958 1704; x_wconf 93' lang='lat' dir='ltr'>illi</span> <span class='ocrx_word' id='word_1_85' title='bbox 976 1633 1110 1708; x_wconf 86' lang='lat' dir='ltr'>iudicio</span> <span class='ocrx_word' id='word_1_86' title='bbox 1130 1633 1228 1729; x_wconf 91' lang='lat' dir='ltr'>quod</span> 
     </span>
     <span class='ocr_line' id='line_1_13' title="bbox 122 1733 1227 1829; baseline 0.002 -26"><span class='ocrx_word' id='word_1_87' title='bbox 122 1743 256 1804; x_wconf 86' lang='lat' dir='ltr'>contra</span> <span class='ocrx_word' id='word_1_88' title='bbox 286 1734 491 1806; x_wconf 83' lang='lat' dir='ltr'>Robortum</span> <span class='ocrx_word' id='word_1_89' title='bbox 511 1736 556 1805; x_wconf 88' lang='lat' dir='ltr'>da</span> <span class='ocrx_word' id='word_1_90' title='bbox 576 1733 712 1805; x_wconf 86' lang='lat' dir='ltr'>Belren</span> <span class='ocrx_word' id='word_1_91' title='bbox 734 1734 919 1805; x_wconf 78' lang='lat' dir='ltr'>Montibus</span> <span class='ocrx_word' id='word_1_92' title='bbox 943 1734 1060 1804; x_wconf 86' lang='lat' dir='ltr'>latum</span> <span class='ocrx_word' id='word_1_93' title='bbox 1091 1734 1227 1829; x_wconf 81' lang='lat' dir='ltr'>fuerat,</span> 
     </span>
     <span class='ocr_line' id='line_1_14' title="bbox 124 1832 1107 1931; baseline -0.001 -27"><span class='ocrx_word' id='word_1_94' title='bbox 124 1843 256 1905; x_wconf 87' lang='lat' dir='ltr'>contra</span> <span class='ocrx_word' id='word_1_95' title='bbox 278 1833 511 1931; x_wconf 75' lang='lat' dir='ltr'>prepositum</span> <span class='ocrx_word' id='word_1_96' title='bbox 530 1833 849 1930; x_wconf 81' lang='lat' dir='ltr'>Argentinensenr</span> <span class='ocrx_word' id='word_1_97' title='bbox 869 1834 1010 1904; x_wconf 86' lang='lat' dir='ltr'>lactum</span> <span class='ocrx_word' id='word_1_98' title='bbox 1030 1832 1107 1905; x_wconf 86' lang='lat' dir='ltr'>fuit.</span> 
     </span>
    </p>

    <p class='ocr_par' dir='ltr' id='par_1_3' title="bbox 122 1933 1227 2635">
     <span class='ocr_line' id='line_1_15' title="bbox 204 1933 1226 2032; baseline -0.004 -26"><span class='ocrx_word' id='word_1_99' title='bbox 204 1934 308 2006; x_wconf 85' lang='lat' dir='ltr'>&#39;suno</span> <span class='ocrx_word' id='word_1_100' title='bbox 325 1934 445 2007; x_wconf 86' lang='lat' dir='ltr'>eciam</span> <span class='ocrx_word' id='word_1_101' title='bbox 460 1934 642 2032; x_wconf 85' lang='lat' dir='ltr'>temporis</span> <span class='ocrx_word' id='word_1_102' title='bbox 655 1934 828 2006; x_wconf 91' lang='lat' dir='ltr'>dominus</span> <span class='ocrx_word' id='word_1_103' title='bbox 841 1933 1014 2006; x_wconf 83' lang='lat' dir='ltr'>Albertus</span> <span class='ocrx_word' id='word_1_104' title='bbox 1025 1934 1226 2028; x_wconf 77' lang='lat' dir='ltr'>denetest,</span> 
     </span>
     <span class='ocr_line' id='line_1_16' title="bbox 124 2032 1227 2132; baseline 0 -28"><span class='ocrx_word' id='word_1_105' title='bbox 124 2032 347 2108; x_wconf 87' lang='lat' dir='ltr'>Leodiensis</span> <span class='ocrx_word' id='word_1_106' title='bbox 375 2034 538 2108; x_wconf 78' lang='lat' dir='ltr'>ecclesie</span> <span class='ocrx_word' id='word_1_107' title='bbox 558 2035 678 2106; x_wconf 88' lang='lat' dir='ltr'>maior</span> <span class='ocrx_word' id='word_1_108' title='bbox 696 2034 912 2132; x_wconf 84' lang='lat' dir='ltr'>prepositus</span> <span class='ocrx_word' id='word_1_109' title='bbox 932 2045 970 2106; x_wconf 87' lang='lat' dir='ltr'>et</span> <span class='ocrx_word' id='word_1_110' title='bbox 988 2034 1227 2127; x_wconf 85' lang='lat' dir='ltr'>archidyaco-</span> 
     </span>
     <span class='ocr_line' id='line_1_17' title="bbox 127 2136 1225 2233; baseline 0.004 -31"><span class='ocrx_word' id='word_1_111' title='bbox 127 2157 219 2229; x_wconf 68' lang='lat' dir='ltr'>nus7</span> <span class='ocrx_word' id='word_1_112' title='bbox 244 2159 328 2206; x_wconf 92' lang='lat' dir='ltr'>cum</span> <span class='ocrx_word' id='word_1_113' title='bbox 349 2136 499 2208; x_wconf 91' lang='lat' dir='ltr'>domino</span> <span class='ocrx_word' id='word_1_114' title='bbox 519 2136 745 2233; x_wconf 81' lang='lat' dir='ltr'>imperatore</span> <span class='ocrx_word' id='word_1_115' title='bbox 766 2140 993 2232; x_wconf 66' lang='lat' dir='ltr'>morabatur,</span> <span class='ocrx_word' id='word_1_116' title='bbox 1019 2141 1225 2232; x_wconf 84' lang='lat' dir='ltr'>expectans</span> 
     </span>
     <span class='ocr_line' id='line_1_18' title="bbox 122 2235 1226 2333; baseline -0.002 -27"><span class='ocrx_word' id='word_1_117' title='bbox 122 2235 266 2306; x_wconf 91' lang='lat' dir='ltr'>donum</span> <span class='ocrx_word' id='word_1_118' title='bbox 282 2235 524 2332; x_wconf 87' lang='lat' dir='ltr'>episcopatus</span> <span class='ocrx_word' id='word_1_119' title='bbox 535 2235 770 2308; x_wconf 89' lang='lat' dir='ltr'>Leodieusis.</span> <span class='ocrx_word' id='word_1_120' title='bbox 799 2235 904 2322; x_wconf 87' lang='lat' dir='ltr'>Quod</span> <span class='ocrx_word' id='word_1_121' title='bbox 917 2235 1082 2333; x_wconf 72' lang='lat' dir='ltr'>quidem⁷</span> <span class='ocrx_word' id='word_1_122' title='bbox 1097 2258 1226 2331; x_wconf 90' lang='lat' dir='ltr'>qnam·</span> 
     </span>
     <span class='ocr_line' id='line_1_19' title="bbox 127 2334 1226 2434; baseline 0.001 -30"><span class='ocrx_word' id='word_1_123' title='bbox 127 2334 184 2405; x_wconf 88' lang='lat' dir='ltr'>vis</span> <span class='ocrx_word' id='word_1_124' title='bbox 213 2339 259 2408; x_wconf 88' lang='lat' dir='ltr'>ab</span> <span class='ocrx_word' id='word_1_125' title='bbox 286 2359 357 2407; x_wconf 86' lang='lat' dir='ltr'>una</span> <span class='ocrx_word' id='word_1_126' title='bbox 378 2347 484 2434; x_wconf 86' lang='lat' dir='ltr'>parte</span> <span class='ocrx_word' id='word_1_127' title='bbox 505 2337 647 2408; x_wconf 87' lang='lat' dir='ltr'>electus</span> <span class='ocrx_word' id='word_1_128' title='bbox 667 2345 786 2431; x_wconf 77' lang='lat' dir='ltr'>esset,</span> <span class='ocrx_word' id='word_1_129' title='bbox 813 2346 939 2407; x_wconf 87' lang='lat' dir='ltr'>tamen</span> <span class='ocrx_word' id='word_1_130' title='bbox 953 2334 1047 2408; x_wconf 84' lang='lat' dir='ltr'>lieri</span> <span class='ocrx_word' id='word_1_131' title='bbox 1066 2359 1140 2406; x_wconf 92' lang='lat' dir='ltr'>non</span> <span class='ocrx_word' id='word_1_132' title='bbox 1162 2357 1226 2431; x_wconf 87' lang='lat' dir='ltr'>po·</span> 
     </span>
     <span class='ocr_line' id='line_1_20' title="bbox 123 2433 1225 2534; baseline 0.001 -28"><span class='ocrx_word' id='word_1_133' title='bbox 123 2443 235 2528; x_wconf 72' lang='lat' dir='ltr'>terat,</span> <span class='ocrx_word' id='word_1_134' title='bbox 255 2460 452 2534; x_wconf 88' lang='lat' dir='ltr'>quousque</span> <span class='ocrx_word' id='word_1_135' title='bbox 471 2437 531 2508; x_wconf 85' lang='lat' dir='ltr'>alii</span> <span class='ocrx_word' id='word_1_136' title='bbox 546 2437 698 2508; x_wconf 86' lang='lat' dir='ltr'>Alberto</span> <span class='ocrx_word' id='word_1_137' title='bbox 718 2435 820 2508; x_wconf 85' lang='lat' dir='ltr'>fratri</span> <span class='ocrx_word' id='word_1_138' title='bbox 839 2436 944 2509; x_wconf 89' lang='lat' dir='ltr'>ducis</span> <span class='ocrx_word' id='word_1_139' title='bbox 963 2433 1225 2531; x_wconf 58' lang='lat' dir='ltr'>Lovaniensis</span> 
     </span>
     <span class='ocr_line' id='line_1_21' title="bbox 123 2535 1224 2635; baseline 0 -29"><span class='ocrx_word' id='word_1_140' title='bbox 123 2535 243 2632; x_wconf 86' lang='lat' dir='ltr'>ipsius</span> <span class='ocrx_word' id='word_1_141' title='bbox 269 2537 432 2609; x_wconf 87' lang='lat' dir='ltr'>ecclesie</span> <span class='ocrx_word' id='word_1_142' title='bbox 460 2538 755 2634; x_wconf 68' lang='lat' dir='ltr'>archidyacono,</span> <span class='ocrx_word' id='word_1_143' title='bbox 780 2542 829 2610; x_wconf 85' lang='lat' dir='ltr'>ab</span> <span class='ocrx_word' id='word_1_144' title='bbox 854 2536 926 2610; x_wconf 88' lang='lat' dir='ltr'>alia</span> <span class='ocrx_word' id='word_1_145' title='bbox 953 2547 1061 2635; x_wconf 85' lang='lat' dir='ltr'>parte</span> <span class='ocrx_word' id='word_1_146' title='bbox 1090 2536 1224 2633; x_wconf 75' lang='lat' dir='ltr'>electo,</span> 
     </span>
    </p>

    <p class='ocr_par' dir='ltr' id='par_1_4' title="bbox 22 2637 1377 3336">
     <span class='ocr_line' id='line_1_22' title="bbox 22 2637 1225 2734; baseline -0.001 -26"><span class='ocrx_word' id='word_1_147' title='bbox 22 2683 25 2688; x_wconf 94' lang='lat'>-</span> <span class='ocrx_word' id='word_1_148' title='bbox 123 2647 230 2708; x_wconf 85' lang='lat' dir='ltr'>esset</span> <span class='ocrx_word' id='word_1_149' title='bbox 249 2637 382 2709; x_wconf 88' lang='lat' dir='ltr'>electio</span> <span class='ocrx_word' id='word_1_150' title='bbox 401 2637 625 2734; x_wconf 78' lang='lat' dir='ltr'>abiudicata,</span> <span class='ocrx_word' id='word_1_151' title='bbox 650 2649 687 2710; x_wconf 86' lang='lat' dir='ltr'>et</span> <span class='ocrx_word' id='word_1_152' title='bbox 712 2638 748 2709; x_wconf 94' lang='lat' dir='ltr'>in</span> <span class='ocrx_word' id='word_1_153' title='bbox 771 2661 925 2710; x_wconf 89' lang='lat' dir='ltr'>manum</span> <span class='ocrx_word' id='word_1_154' title='bbox 946 2637 1087 2710; x_wconf 90' lang='lat' dir='ltr'>domini</span> <span class='ocrx_word' id='word_1_155' title='bbox 1105 2637 1225 2734; x_wconf 85' lang='lat' dir='ltr'>impe·</span> 
     </span>
     <span class='ocr_line' id='line_1_23' title="bbox 125 2737 1316 2838; baseline 0.001 -32"><span class='ocrx_word' id='word_1_156' title='bbox 125 2737 260 2808; x_wconf 87' lang='lat' dir='ltr'>ratoris</span> <span class='ocrx_word' id='word_1_157' title='bbox 284 2761 351 2834; x_wconf 88' lang='lat' dir='ltr'>per</span> <span class='ocrx_word' id='word_1_158' title='bbox 371 2739 599 2811; x_wconf 87' lang='lat' dir='ltr'>sententiam</span> <span class='ocrx_word' id='word_1_159' title='bbox 623 2739 833 2837; x_wconf 85' lang='lat' dir='ltr'>principum</span> <span class='ocrx_word' id='word_1_160' title='bbox 853 2738 1081 2811; x_wconf 85' lang='lat' dir='ltr'>devenisset.</span> <span class='ocrx_word' id='word_1_161' title='bbox 1127 2739 1223 2810; x_wconf 84' lang='lat' dir='ltr'>Cum</span> <span class='ocrx_word' id='word_1_162' title='bbox 1314 2831 1316 2838; x_wconf 17' lang='grc' dir='ltr'><strong><em>Α</em></strong></span> 
     </span>
     <span class='ocr_line' id='line_1_24' title="bbox 124 2837 1377 2936; baseline -0.002 -30"><span class='ocrx_word' id='word_1_163' title='bbox 124 2846 250 2907; x_wconf 87' lang='lat' dir='ltr'>autom</span> <span class='ocrx_word' id='word_1_164' title='bbox 271 2837 444 2909; x_wconf 91' lang='lat' dir='ltr'>dominus</span> <span class='ocrx_word' id='word_1_165' title='bbox 463 2838 670 2935; x_wconf 88' lang='lat' dir='ltr'>imperator</span> <span class='ocrx_word' id='word_1_166' title='bbox 688 2838 725 2910; x_wconf 93' lang='lat' dir='ltr'>in</span> <span class='ocrx_word' id='word_1_167' title='bbox 743 2839 886 2912; x_wconf 85' lang='lat' dir='ltr'>octavis</span> <span class='ocrx_word' id='word_1_168' title='bbox 902 2837 1102 2936; x_wconf 81' lang='lat' dir='ltr'>epiphanie</span> <span class='ocrx_word' id='word_1_169' title='bbox 1117 2839 1317 2910; x_wconf 77' lang='lat' dir='ltr'>Wor·1192.</span> <span class='ocrx_word' id='word_1_170' title='bbox 1374 2897 1377 2904; x_wconf 88' lang='lat'>.</span> 
     </span>
     <span class='ocr_line' id='line_1_25' title="bbox 125 2925 1336 3035; baseline 0.001 -28"><span class='ocrx_word' id='word_1_171' title='bbox 125 2937 287 3008; x_wconf 78' lang='lat' dir='ltr'>maciem</span> <span class='ocrx_word' id='word_1_172' title='bbox 312 2937 495 3033; x_wconf 77' lang='lat' dir='ltr'>venisset,</span> <span class='ocrx_word' id='word_1_173' title='bbox 528 2943 769 3035; x_wconf 81' lang='lat' dir='ltr'>presentatus</span> <span class='ocrx_word' id='word_1_174' title='bbox 795 2949 855 3012; x_wconf 86' lang='lat' dir='ltr'>cst</span> <span class='ocrx_word' id='word_1_175' title='bbox 880 2939 915 3011; x_wconf 92' lang='lat' dir='ltr'>ei</span> <span class='ocrx_word' id='word_1_176' title='bbox 938 2939 1084 3035; x_wconf 77' lang='lat' dir='ltr'>Bruno,</span> <span class='ocrx_word' id='word_1_177' title='bbox 1117 2925 1336 3014; x_wconf 77' lang='lat' dir='ltr'>Colo-¹³¹¹·¹³·</span> 
     </span>
     <span class='ocr_line' id='line_1_26' title="bbox 124 3036 1224 3134; baseline 0.002 -27"><span class='ocrx_word' id='word_1_178' title='bbox 124 3036 266 3108; x_wconf 87' lang='lat' dir='ltr'>niensis</span> <span class='ocrx_word' id='word_1_179' title='bbox 295 3036 457 3109; x_wconf 87' lang='lat' dir='ltr'>ecclesie</span> <span class='ocrx_word' id='word_1_180' title='bbox 479 3038 600 3108; x_wconf 89' lang='lat' dir='ltr'>maior</span> <span class='ocrx_word' id='word_1_181' title='bbox 624 3039 852 3134; x_wconf 72' lang='lat' dir='ltr'>prepositus,</span> <span class='ocrx_word' id='word_1_182' title='bbox 878 3039 934 3109; x_wconf 91' lang='lat' dir='ltr'>vir</span> <span class='ocrx_word' id='word_1_183' title='bbox 951 3040 1084 3111; x_wconf 89' lang='lat' dir='ltr'>nobilis</span> <span class='ocrx_word' id='word_1_184' title='bbox 1104 3051 1141 3110; x_wconf 86' lang='lat' dir='ltr'>et</span> <span class='ocrx_word' id='word_1_185' title='bbox 1159 3041 1224 3110; x_wconf 92' lang='lat' dir='ltr'>ho-</span> 
     </span>
     <span class='ocr_line' id='line_1_27' title="bbox 127 3135 1224 3234; baseline 0.002 -26"><span class='ocrx_word' id='word_1_186' title='bbox 127 3147 271 3229; x_wconf 37' lang='lat' dir='ltr'>nestas!</span> <span class='ocrx_word' id='word_1_187' title='bbox 294 3140 361 3210; x_wconf 87' lang='lat' dir='ltr'>sed</span> <span class='ocrx_word' id='word_1_188' title='bbox 382 3147 481 3210; x_wconf 85' lang='lat' dir='ltr'>etate</span> <span class='ocrx_word' id='word_1_189' title='bbox 501 3149 539 3210; x_wconf 89' lang='lat' dir='ltr'>et</span> <span class='ocrx_word' id='word_1_190' title='bbox 557 3135 773 3210; x_wconf 84' lang='lat' dir='ltr'>infirmitate</span> <span class='ocrx_word' id='word_1_191' title='bbox 792 3139 931 3234; x_wconf 70' lang='lat' dir='ltr'>granis7</span> <span class='ocrx_word' id='word_1_192' title='bbox 951 3137 1098 3211; x_wconf 91' lang='lat' dir='ltr'>comitis</span> <span class='ocrx_word' id='word_1_193' title='bbox 1117 3139 1224 3210; x_wconf 86' lang='lat' dir='ltr'>Flan-</span> 
     </span>
     <span class='ocr_line' id='line_1_28' title="bbox 125 3237 1221 3336; baseline 0.002 -28"><span class='ocrx_word' id='word_1_194' title='bbox 125 3237 273 3310; x_wconf 86' lang='lat' dir='ltr'>drensis</span> <span class='ocrx_word' id='word_1_195' title='bbox 302 3249 340 3310; x_wconf 89' lang='lat' dir='ltr'>et</span> <span class='ocrx_word' id='word_1_196' title='bbox 369 3237 623 3311; x_wconf 86' lang='lat' dir='ltr'>Hanoniensis</span> <span class='ocrx_word' id='word_1_197' title='bbox 651 3239 977 3336; x_wconf 72' lang='lat' dir='ltr'>consanguineus,</span> <span class='ocrx_word' id='word_1_198' title='bbox 1014 3238 1157 3312; x_wconf 91' lang='lat' dir='ltr'>electus</span> <span class='ocrx_word' id='word_1_199' title='bbox 1184 3239 1221 3310; x_wconf 90' lang='lat' dir='ltr'>in</span> 
     </span>
    </p>
   </div>
   <div class='ocr_carea' id='block_1_3' title="bbox 1 3332 1222 3436">
    <p class='ocr_par' dir='ltr' id='par_1_5' title="bbox 1 3332 1222 3436">
     <span class='ocr_line' id='line_1_29' title="bbox 1 3332 1222 3436; baseline 0.003 -28"><span class='ocrx_word' id='word_1_200' title='bbox 1 3332 2 3374; x_wconf 62' lang='lat' dir='ltr'>l</span> <span class='ocrx_word' id='word_1_201' title='bbox 124 3338 462 3436; x_wconf 84' lang='lat' dir='ltr'>archiepiscopum.</span> <span class='ocrx_word' id='word_1_202' title='bbox 489 3340 557 3414; x_wconf 89' lang='lat' dir='ltr'>Cui</span> <span class='ocrx_word' id='word_1_203' title='bbox 572 3339 745 3412; x_wconf 90' lang='lat' dir='ltr'>dominus</span> <span class='ocrx_word' id='word_1_204' title='bbox 761 3340 968 3434; x_wconf 89' lang='lat' dir='ltr'>imperator</span> <span class='ocrx_word' id='word_1_205' title='bbox 982 3339 1124 3436; x_wconf 84' lang='lat' dir='ltr'>regalia</span> <span class='ocrx_word' id='word_1_206' title='bbox 1140 3339 1222 3413; x_wconf 86' lang='lat' dir='ltr'>sinc</span> 
     </span>
    </p>
   </div>
   <div class='ocr_carea' id='block_1_4' title="bbox 32 3437 1307 3739">
    <p class='ocr_par' dir='ltr' id='par_1_6' title="bbox 32 3437 1307 3739">
     <span class='ocr_line' id='line_1_30' title="bbox 127 3437 1222 3538; baseline 0.002 -28"><span class='ocrx_word' id='word_1_207' title='bbox 127 3437 341 3511; x_wconf 81' lang='lat' dir='ltr'>difficultate</span> <span class='ocrx_word' id='word_1_208' title='bbox 361 3441 485 3538; x_wconf 86' lang='lat' dir='ltr'>aliqua</span> <span class='ocrx_word' id='word_1_209' title='bbox 509 3441 674 3514; x_wconf 85' lang='lat' dir='ltr'>contulit.</span> <span class='ocrx_word' id='word_1_210' title='bbox 720 3441 791 3528; x_wconf 85' lang='lat' dir='ltr'>Oui</span> <span class='ocrx_word' id='word_1_211' title='bbox 815 3438 965 3538; x_wconf 88' lang='lat' dir='ltr'>quidem</span> <span class='ocrx_word' id='word_1_212' title='bbox 984 3440 1109 3512; x_wconf 89' lang='lat' dir='ltr'>Bruno</span> <span class='ocrx_word' id='word_1_213' title='bbox 1129 3466 1222 3512; x_wconf 91' lang='lat' dir='ltr'>nun·</span> 
     </span>
     <span class='ocr_line' id='line_1_31' title="bbox 127 3540 1222 3640; baseline 0.006 -32"><span class='ocrx_word' id='word_1_214' title='bbox 127 3563 236 3636; x_wconf 90' lang='lat' dir='ltr'>quam</span> <span class='ocrx_word' id='word_1_215' title='bbox 257 3541 472 3613; x_wconf 90' lang='lat' dir='ltr'>consecrari</span> <span class='ocrx_word' id='word_1_216' title='bbox 491 3542 607 3614; x_wconf 92' lang='lat' dir='ltr'>voluit</span> <span class='ocrx_word' id='word_1_217' title='bbox 621 3541 647 3639; x_wconf 67' lang='lat'>²,</span> <span class='ocrx_word' id='word_1_218' title='bbox 675 3545 742 3614; x_wconf 88' lang='lat' dir='ltr'>sed</span> <span class='ocrx_word' id='word_1_219' title='bbox 763 3565 829 3640; x_wconf 88' lang='lat' dir='ltr'>pro</span> <span class='ocrx_word' id='word_1_220' title='bbox 850 3540 1018 3639; x_wconf 89' lang='lat' dir='ltr'>corporis</span> <span class='ocrx_word' id='word_1_221' title='bbox 1037 3542 1222 3638; x_wconf 79' lang='lat' dir='ltr'>gravitate</span> 
     </span>
     <span class='ocr_line' id='line_1_32' title="bbox 32 3639 1307 3739; baseline 0.006 -30"><span class='ocrx_word' id='word_1_222' title='bbox 32 3651 35 3658; x_wconf 89' lang='lat'>&#39;</span> <span class='ocrx_word' id='word_1_223' title='bbox 125 3639 238 3710; x_wconf 89' lang='lat' dir='ltr'>nimia</span> <span class='ocrx_word' id='word_1_224' title='bbox 264 3641 522 3738; x_wconf 90' lang='lat' dir='ltr'>episcopatum</span> <span class='ocrx_word' id='word_1_225' title='bbox 556 3643 628 3714; x_wconf 86' lang='lat' dir='ltr'>cito</span> <span class='ocrx_word' id='word_1_226' title='bbox 661 3641 913 3739; x_wconf 70' lang='lat' dir='ltr'>renunciavit⁷</span> <span class='ocrx_word' id='word_1_227' title='bbox 949 3640 1009 3714; x_wconf 87' lang='lat' dir='ltr'>cui</span> <span class='ocrx_word' id='word_1_228' title='bbox 1035 3644 1223 3716; x_wconf 85' lang='lat' dir='ltr'>successit</span> <span class='ocrx_word' id='word_1_229' title='bbox 1303 3676 1307 3682; x_wconf 95' lang='lat'><em>·</em></span> 
     </span>
    </p>
   </div>
   <div class='ocr_carea' id='block_1_5' title="bbox 1 3740 1222 3841">
    <p class='ocr_par' dir='ltr' id='par_1_7' title="bbox 1 3740 1222 3841">
     <span class='ocr_line' id='line_1_33' title="bbox 1 3740 1222 3841; baseline 0.004 -30"><span class='ocrx_word' id='word_1_230' title='bbox 1 3747 2 3752; x_wconf 77' lang='grc'>’</span> <span class='ocrx_word' id='word_1_231' title='bbox 124 3764 244 3838; x_wconf 89' lang='lat' dir='ltr'>nepos</span> <span class='ocrx_word' id='word_1_232' title='bbox 259 3741 340 3814; x_wconf 89' lang='lat' dir='ltr'>eius</span> <span class='ocrx_word' id='word_1_233' title='bbox 357 3742 539 3839; x_wconf 87' lang='lat' dir='ltr'>Ainlphus</span> <span class='ocrx_word' id='word_1_234' title='bbox 551 3740 578 3838; x_wconf 74' lang='lat'>³,</span> <span class='ocrx_word' id='word_1_235' title='bbox 596 3742 715 3839; x_wconf 91' lang='lat' dir='ltr'>ipsius</span> <span class='ocrx_word' id='word_1_236' title='bbox 732 3742 1028 3816; x_wconf 87' lang='lat' dir='ltr'>ecclesiemaior</span> <span class='ocrx_word' id='word_1_237' title='bbox 1042 3746 1222 3841; x_wconf 78' lang='lat' dir='ltr'>decanus,</span> 
     </span>
    </p>
   </div>
   <div class='ocr_carea' id='block_1_6' title="bbox 124 3900 1223 4196">
    <p class='ocr_par' dir='ltr' id='par_1_8' title="bbox 124 3900 1223 4196">
     <span class='ocr_line' id='line_1_34' title="bbox 129 3900 1223 3978; baseline 0.008 -26"><span class='ocrx_word' id='word_1_238' title='bbox 129 3901 151 3964; x_wconf 83' lang='grc'>11</span> <span class='ocrx_word' id='word_1_239' title='bbox 174 3900 205 3956; x_wconf 80' lang='lat' dir='ltr'>V.</span> <span class='ocrx_word' id='word_1_240' title='bbox 219 3919 299 3972; x_wconf 88' lang='lat' dir='ltr'>supra</span> <span class='ocrx_word' id='word_1_241' title='bbox 318 3921 345 3972; x_wconf 92' lang='lat' dir='ltr'>p.</span> <span class='ocrx_word' id='word_1_242' title='bbox 360 3901 413 3956; x_wconf 78' lang='lat'>167</span> <span class='ocrx_word' id='word_1_243' title='bbox 426 3921 485 3975; x_wconf 86' lang='lat' dir='ltr'>sqq.</span> <span class='ocrx_word' id='word_1_244' title='bbox 558 3903 585 3972; x_wconf 80' lang='lat'>2]</span> <span class='ocrx_word' id='word_1_245' title='bbox 607 3901 663 3958; x_wconf 76' lang='lat' dir='ltr'>cu.</span> <span class='ocrx_word' id='word_1_246' title='bbox 677 3902 747 3958; x_wconf 79' lang='lat' dir='ltr'>Anu.</span> <span class='ocrx_word' id='word_1_247' title='bbox 761 3903 856 3958; x_wconf 80' lang='lat' dir='ltr'>Goion.</span> <span class='ocrx_word' id='word_1_248' title='bbox 871 3923 940 3962; x_wconf 82' lang='lat' dir='ltr'>max.</span> <span class='ocrx_word' id='word_1_249' title='bbox 955 3904 1004 3960; x_wconf 86' lang='lat' dir='ltr'>SS.</span> <span class='ocrx_word' id='word_1_250' title='bbox 1019 3905 1110 3960; x_wconf 85' lang='lat' dir='ltr'>XVll.</span> <span class='ocrx_word' id='word_1_251' title='bbox 1130 3927 1157 3978; x_wconf 90' lang='lat' dir='ltr'>p.</span> <span class='ocrx_word' id='word_1_252' title='bbox 1167 3907 1223 3961; x_wconf 80' lang='lat'>802</span> 
     </span>
     <span class='ocr_line' id='line_1_35' title="bbox 128 3973 1223 4052; baseline 0.01 -27"><span class='ocrx_word' id='word_1_253' title='bbox 128 3975 158 4026; x_wconf 79' lang='lat' dir='ltr'>ad</span> <span class='ocrx_word' id='word_1_254' title='bbox 179 3992 203 4026; x_wconf 83' lang='lat' dir='ltr'>a.</span> <span class='ocrx_word' id='word_1_255' title='bbox 226 3973 312 4027; x_wconf 76' lang='lat'>1192:</span> <span class='ocrx_word' id='word_1_256' title='bbox 341 3978 372 4031; x_wconf 87' lang='lat' dir='ltr'>ln</span> <span class='ocrx_word' id='word_1_257' title='bbox 391 3982 486 4031; x_wconf 83' lang='lat' dir='ltr'>octaua</span> <span class='ocrx_word' id='word_1_258' title='bbox 502 3983 670 4046; x_wconf 78' lang='lat' dir='ltr'>pentecostes</span> <span class='ocrx_word' id='word_1_259' title='bbox 688 3979 716 4047; x_wconf 80' lang='grc' dir='ltr'>(ἰ.</span> <span class='ocrx_word' id='word_1_260' title='bbox 737 3995 761 4030; x_wconf 83' lang='lat' dir='ltr'>o.</span> <span class='ocrx_word' id='word_1_261' title='bbox 781 3976 846 4032; x_wconf 79' lang='lat' dir='ltr'>Mai.</span> <span class='ocrx_word' id='word_1_262' title='bbox 868 3979 912 4047; x_wconf 87' lang='grc'>31)</span> <span class='ocrx_word' id='word_1_263' title='bbox 930 3979 1024 4034; x_wconf 85' lang='lat' dir='ltr'>Bruno.</span> <span class='ocrx_word' id='word_1_264' title='bbox 1040 3983 1067 4034; x_wconf 83' lang='lat' dir='ltr'>in</span> <span class='ocrx_word' id='word_1_265' title='bbox 1086 3983 1223 4052; x_wconf 68' lang='lat' dir='ltr'>archicpi-</span> 
     </span>
     <span class='ocr_line' id='line_1_36' title="bbox 124 4047 1222 4125; baseline 0.011 -26"><span class='ocrx_word' id='word_1_266' title='bbox 124 4061 229 4114; x_wconf 76' lang='lat' dir='ltr'>scopum</span> <span class='ocrx_word' id='word_1_267' title='bbox 249 4047 366 4104; x_wconf 73' lang='lat' dir='ltr'>Colonia·</span> <span class='ocrx_word' id='word_1_268' title='bbox 377 4056 551 4105; x_wconf 77' lang='lat' dir='ltr'>consacratur</span> <span class='ocrx_word' id='word_1_269' title='bbox 570 4066 588 4104; x_wconf 84' lang='lat' dir='ltr'>a</span> <span class='ocrx_word' id='word_1_270' title='bbox 606 4051 723 4106; x_wconf 73' lang='lat' dir='ltr'>[olonna</span> <span class='ocrx_word' id='word_1_271' title='bbox 736 4051 885 4107; x_wconf 78' lang='lat' dir='ltr'>Treuirauat</span> <span class='ocrx_word' id='word_1_272' title='bbox 902 4054 1099 4122; x_wconf 59' lang='lat' dir='ltr'>archipiscopo</span> <span class='ocrx_word' id='word_1_273' title='bbox 1118 4062 1144 4110; x_wconf 80' lang='lat' dir='ltr'>ct</span> <span class='ocrx_word' id='word_1_274' title='bbox 1161 4061 1222 4125; x_wconf 76' lang='lat' dir='ltr'>cpi-</span> 
     </span>
     <span class='ocr_line' id='line_1_37' title="bbox 125 4119 1222 4196; baseline 0.01 -25"><span class='ocrx_word' id='word_1_275' title='bbox 125 4135 202 4186; x_wconf 80' lang='lat' dir='ltr'>scopo</span> <span class='ocrx_word' id='word_1_276' title='bbox 228 4121 399 4178; x_wconf 79' lang='lat' dir='ltr'>l&#39;irdunensc.</span> <span class='ocrx_word' id='word_1_277' title='bbox 440 4119 497 4178; x_wconf 80' lang='lat' dir='ltr'>cu.</span> <span class='ocrx_word' id='word_1_278' title='bbox 517 4121 625 4176; x_wconf 80' lang='lat' dir='ltr'>Toeclre</span> <span class='ocrx_word' id='word_1_279' title='bbox 646 4122 664 4176; x_wconf 90' lang='lat' dir='ltr'>l.</span> <span class='ocrx_word' id='word_1_280' title='bbox 685 4142 708 4178; x_wconf 85' lang='lat' dir='ltr'>c.</span> <span class='ocrx_word' id='word_1_281' title='bbox 728 4141 753 4192; x_wconf 90' lang='lat' dir='ltr'>p.</span> <span class='ocrx_word' id='word_1_282' title='bbox 773 4123 874 4177; x_wconf 74' lang='grc'>21811.</span> <span class='ocrx_word' id='word_1_283' title='bbox 963 4125 990 4196; x_wconf 77' lang='lat'>3)</span> <span class='ocrx_word' id='word_1_284' title='bbox 1009 4124 1125 4182; x_wconf 78' lang='lat' dir='ltr'>Adultus</span> <span class='ocrx_word' id='word_1_285' title='bbox 1146 4127 1167 4181; x_wconf 96' lang='lat' dir='ltr'>l.</span> <span class='ocrx_word' id='word_1_286' title='bbox 1188 4131 1222 4182; x_wconf 90' lang='lat' dir='ltr'>de</span> 
     </span>
    </p>
   </div>
   <div class='ocr_carea' id='block_1_7' title="bbox 126 4187 1222 4336">
    <p class='ocr_par' dir='ltr' id='par_1_9' title="bbox 126 4187 1222 4336">
     <span class='ocr_line' id='line_1_38' title="bbox 126 4187 1222 4318; baseline 0.011 -76"><span class='ocrx_word' id='word_1_287' title='bbox 126 4187 231 4315; x_wconf 64' lang='lat' dir='ltr'>piltona.</span> <span class='ocrx_word' id='word_1_288' title='bbox 253 4192 351 4318; x_wconf 53' lang='grc' dir='ltr'>89311ηο</span> <span class='ocrx_word' id='word_1_289' title='bbox 368 4194 447 4249; x_wconf 85' lang='grc'>1193.</span> <span class='ocrx_word' id='word_1_290' title='bbox 464 4197 531 4266; x_wconf 75' lang='lat' dir='ltr'>npr.</span> <span class='ocrx_word' id='word_1_291' title='bbox 547 4195 590 4250; x_wconf 89' lang='grc'>18.</span> <span class='ocrx_word' id='word_1_292' title='bbox 611 4205 782 4250; x_wconf 80' lang='lat' dir='ltr'>consecratus</span> <span class='ocrx_word' id='word_1_293' title='bbox 796 4205 844 4251; x_wconf 88' lang='lat' dir='ltr'>est.</span> <span class='ocrx_word' id='word_1_294' title='bbox 885 4193 942 4250; x_wconf 81' lang='lat' dir='ltr'>Cn.</span> <span class='ocrx_word' id='word_1_295' title='bbox 956 4194 1139 4255; x_wconf 75' lang='lat' dir='ltr'>Anu.&#39;Colon.</span> <span class='ocrx_word' id='word_1_296' title='bbox 1153 4219 1222 4255; x_wconf 85' lang='lat' dir='ltr'>max.</span> 
     </span>
     <span class='ocr_line' id='line_1_39' title="bbox 138 4281 317 4336; baseline 0.039 -21"><span class='ocrx_word' id='word_1_297' title='bbox 138 4300 144 4316; x_wconf 98' lang='lat'>.</span> <span class='ocrx_word' id='word_1_298' title='bbox 165 4282 188 4316; x_wconf 91' lang='lat' dir='ltr'>c.</span> <span class='ocrx_word' id='word_1_299' title='bbox 208 4281 233 4336; x_wconf 86' lang='lat' dir='ltr'>p.</span> <span class='ocrx_word' id='word_1_300' title='bbox 309 4306 317 4322; x_wconf 90' lang='lat'>.</span> 
     </span>
    </p>
   </div>
   <div class='ocr_carea' id='block_1_8' title="bbox 0 0 1506 4790">
    <p class='ocr_par' dir='ltr' id='par_1_10' title="bbox 0 0 1506 4790">
     <span class='ocr_line' id='line_1_40' title="bbox 0 0 1506 4790; baseline 0 0"><span class='ocrx_word' id='word_1_301' title='bbox 0 0 1506 4790; x_wconf 95' lang='lat' dir='ltr'> </span> 
     </span>
    </p>
   </div>
  </div>
 </body>
</html>
