3066 4788
325 417 375 488 98
608 403 611 410 ’
736 406 1012 482 GlSLEBEllTl

326 610 543 712 probissimi
577 609 781 708 magnique
813 607 997 702 numinis,
1029 605 1173 679 scilicet
1199 605 1357 678 lacobus
1383 606 1436 677 de

327 711 525 806 Avetbnis,
540 710 693 807 Egidius
709 713 754 784 de
769 709 909 783 Sancto
925 707 1081 802 oberto,
1096 706 1219 779 Rasso
1235 708 1280 778 de
1292 704 1437 800 Gaura⁷

329 813 510 909 multique
538 811 599 883 alii
628 810 767 884 milites
796 808 962 904 strenui,
989 808 1123 904 quibus
1147 806 1318 879 Hanania
1345 815 1436 877 tunc

328 913 513 1012 temporis
541 909 709 985 florebat.
761 911 927 1008 Indeque
957 911 1002 982 ad
1030 917 1176 1007 patrem
1204 909 1375 1004 gaudens
1395 916 1434 978 et

330 1013 530 1088 incolumis
548 1012 753 1085 balduinus
773 1011 893 1084 rediit.

404 1115 546 1188 Eodem
576 1122 748 1210 tempore
781 1123 819 1186 et
849 1135 948 1183 anno
980 1107 1185 1181 balduinus
1219 1107 1439 1205 sepedictus

333 1238 462 1288 cuntes
494 1211 748 1286 Hauonieusis
780 1212 990 1309 gloriosus,
1025 1208 1205 1282 Yolendis
1242 1207 1436 1281 comitisse

331 1313 445 1410 filine,
470 1312 687 1386 infirmitate
715 1311 901 1386 Montibus
930 1332 1152 1408 oppressus,
1179 1319 1342 1381 mortem
1366 1307 1438 1382 sibi

333 1415 595 1489 imminentem
620 1424 796 1488 metuens
830 1435 974 1507 sueque
1007 1408 1133 1482 anime
1165 1408 1277 1481 saluti
1303 1409 1438 1480 volens

333 1515 546 1615 providere,
574 1513 759 1586 ordinavit
785 1522 825 1585 ut
850 1514 1025 1609 quedam,
1053 1533 1125 1607 que
1146 1512 1192 1583 de
1211 1509 1292 1582 iure
1311 1532 1380 1582 sito
1399 1511 1438 1580 in

334 1614 521 1688 Montibus
542 1624 579 1688 et
597 1613 633 1686 in
648 1613 874 1686 Valenceuis
893 1613 1069 1706 habebat,
1087 1634 1161 1708 quc
1176 1609 1213 1682 in
1228 1632 1437 1707 gravamen

335 1716 599 1788 universorum
618 1714 814 1787 hominum
833 1715 870 1784 iu
890 1712 988 1785 villis
1007 1711 1078 1784 illis
1095 1710 1341 1783 habitantium
1357 1733 1441 1782 ver·

335 1807 524 1912 tebantur,
553 1841 574 1888 a
602 1815 822 1912 gravamine
842 1821 1129 1886 removerentur
1148 1820 1186 1883 et
1203 1810 1241 1881 in
1260 1810 1439 1884 meliores

338 1917 631 1990 consuetudines
652 1923 974 1987 converterentur.
1002 1911 1040 1983 lu
1056 1910 1281 1983 Valenceuis
1298 1911 1441 1984 etenim

340 2026 377 2090 et
401 2015 437 2087 in
464 2015 650 2087 Montibus
679 2015 737 2086 ius
765 2025 846 2087 erat
872 2011 1052 2084 comitum
1076 2011 1375 2085 Hanoniensium
1402 2021 1442 2084 et

340 2118 588 2209 cousuetudo,
607 2125 644 2186 et
662 2115 698 2186 in
718 2114 819 2186 omni
841 2135 972 2185 eornm
993 2114 1168 2208 adventu,
1187 2112 1331 2186 dumrin
1346 2110 1442 2209 ipsis

338 2215 437 2290 villis
463 2220 726 2311 morabantur,
754 2214 908 2287 culcitre
938 2221 976 2287 et
1000 2235 1092 2284 vasa
1120 2213 1279 2310 coquine
1308 2235 1442 2285 ueces-

339 2317 440 2390 saria
455 2341 477 2388 a
491 2316 662 2389 domibus
678 2314 923 2412 burgensium
939 2323 975 2385 et
990 2313 1148 2386 aliorum
1159 2313 1441 2412 accipiebantur

338 2416 619 2510 indifferenter,
654 2427 691 2487 et
726 2420 770 2488 ad
806 2415 949 2488 curiam
981 2414 1248 2486 deferebantur
1273 2417 1319 2486 ad
1347 2437 1440 2486 usus

340 2516 576 2589 dominorum
609 2515 786 2587 comitum
814 2525 852 2587 et
878 2513 980 2586 curie
1014 2537 1145 2586 eorum
1178 2512 1443 2612 perficiendos.

338 2617 447 2690 Unde
480 2637 609 2688 comes
635 2615 697 2687 ille
726 2615 941 2712 sepedictus
959 2612 1163 2687 balduinus
1191 2614 1376 2689 ordinavit
1394 2616 1443 2687 de

341 2715 532 2791 communi
548 2715 720 2789 villarum
735 2715 882 2788 illarum
904 2738 1107 2810 consensu,
1122 2725 1162 2786 ut
1175 2713 1257 2813 ipse
1276 2714 1363 2786 ville
1379 2718 1445 2786 do-

340 2818 443 2890 miuo
471 2816 597 2889 comiti
622 2816 854 2889 Hauoniensi
881 2815 918 2887 in
940 2815 1103 2888 culcitris
1123 2814 1192 2888 sibi
1211 2814 1444 2888 necessariis

342 2928 380 2990 et
406 2917 509 2992 vasis
538 2917 697 3014 coquina
722 2915 960 3016 provideant3
995 2915 1032 2987 in
1059 2915 1283 2988 Valenceuis
1312 2926 1444 2989 autem

341 3019 499 3091 scutelle
519 3042 603 3090 cum
623 3017 706 3092 aliis
720 3019 821 3090 vasis
837 3016 987 3090 domino
1004 3015 1130 3088 comiti
1145 3015 1444 3090 administrande

342 3130 449 3216 sunt,
477 3122 544 3193 sed
571 3119 728 3218 reliquie
755 3141 972 3192 mensarum
999 3116 1227 3215 pauperibus
1252 3117 1339 3193 ville
1358 3141 1448 3215 pro·

340 3219 425 3292 vide
444 3231 533 3294 sunt
551 3219 823 3314 distribuende3
848 3220 914 3290 sed
934 3216 971 3288 iu
992 3216 1179 3290 Montibus
1199 3218 1357 3292 scutelle
1378 3239 1447 3290 ue·

227 3333 330 3394 'tusc
341 3345 529 3418 quaquam
558 3320 592 3392 ei
618 3330 706 3393 sunt
728 3319 974 3392 attribuenda.
1018 3315 1176 3390 ‘Verum
1195 3318 1233 3390 in
1252 3317 1446 3392 Montibus

341 3422 452 3494 debet
469 3419 616 3494 villicus
634 3420 754 3518 ipsius
775 3419 861 3490 ville
891 3421 936 3491 ad
962 3427 1119 3516 puteum
1149 3419 1263 3491 castri
1290 3417 1448 3492 situlam

341 3521 632 3619 amministrare,
653 3520 882 3593 castellanus
902 3543 992 3591 vero
1007 3521 1171 3592 cordam.
1199 3521 1238 3592 In
1253 3519 1448 3594 Montibus

341 3630 468 3694 autem
496 3645 518 3694 a
545 3621 733 3693 solutione
759 3619 998 3693 culcitrarum
1024 3629 1062 3692 et
1084 3642 1261 3694 vasorum
1283 3619 1448 3718 coquine

341 3720 577 3820 excipiuntur
590 3725 725 3796 domus
746 3721 966 3796 clericorum
988 3731 1026 3793 et
1043 3721 1281 3794 dominarum
1297 3731 1334 3794 et
1348 3720 1450 3793 mili-

337 3833 433 3919 tum,
453 3833 490 3897 et
509 3827 641 3896 camba
662 3834 792 3896 sancte
810 3821 1077 3917 waldetrudis,
1103 3831 1141 3895 et
1160 3826 1294 3895 camba
1313 3821 1449 3894 Sancti

339 3924 532 4021 Germani,
560 3934 597 3997 et
622 3948 800 3999 mansure
828 3924 900 3997 due
929 3926 1211 4018 advocatorum,
1240 3933 1277 3994 et
1304 3925 1450 3996 domus

336 4024 483 4100 fossato
507 4025 682 4123 contigue
702 4050 722 4098 a
742 4033 849 4124 porta
868 4047 986 4122 prope
1005 4022 1185 4095 Sanctum
1207 4024 1449 4096 Germanum

337 4124 376 4197 in
403 4125 557 4201 circuitu
586 4151 706 4225 usque
734 4130 779 4200 ad
808 4134 954 4223 portam
984 4147 1057 4221 que
1077 4124 1185 4195 Porta
1205 4122 1274 4196 lori
1294 4122 1447 4196 dicitur.

337 4227 581 4326 Excipiuutur
612 4228 732 4301 eciam
761 4227 847 4300 inde
875 4228 1008 4298 domus
1037 4223 1283 4297 servientium
1312 4225 1377 4322 qui
1406 4223 1452 4297 in
