3066 4788
283 415 333 488 90
696 411 973 487 GlSLEBEll'll

283 622 321 685 et
339 635 518 710 magnam
532 611 749 711 Burgundio
768 623 915 712 partem
935 611 1105 710 obtinuit⁷
1125 617 1226 688 etde
1246 616 1381 688 eadem

2 765 36 808 p,
66 779 93 806 ‚-
282 735 399 785 uxore
424 711 521 786 lilios
548 713 677 786 habuit
703 715 906 788 llenricum
936 715 1192 787 Romanorum
1219 715 1382 814 impera·

172 833 213 890 Ἰ.
224 831 271 887 25.
281 823 403 886 torem
429 823 469 886 et
492 813 769 912 Sicilie‘regem
790 824 829 888 et
845 815 1085 892 Frederioum
1113 816 1270 888 'ducem
1288 817 1382 890 Sue·

57 997 67 1014 ,y
280 938 414 986 vorum
434 923 472 986 et
489 914 668 988 Ottonem
688 916 864 990 comitem
882 916 1089 1014 palatinum
1109 925 1149 987 et
1166 917 1382 991 Courndum

172 1017 173 1022 ’
281 1018 416 1089 ducem
445 1017 491 1088 de
518 1015 757 1089 Rodinburolr
790 1028 827 1089 et
858 1016 1071 1114 Philippum
1104 1016 1302 1114 clericum,
1334 1018 1382 1089 de

280 1138 440 1213 quorum
455 1115 575 1212 gestis
588 1114 625 1188 in
641 1117 958 1212 subsequentibus
970 1118 1152 1190 dicemus.
1170 1117 1238 1189 llio
1253 1127 1382 1190 autem

279 1216 499 1290 Fredericus
528 1217 783 1290 Romanorum
811 1217 1017 1316 imperator
1040 1221 1138 1291 bona
1156 1215 1304 1314 imperii
1323 1217 1382 1289 sui

279 1317 482 1415 plurimum
498 1318 771 1415 augmentavit,
790 1319 969 1418 ltalieque
988 1318 1159 1392 civitates
1179 1317 1247 1391 sibi
1262 1317 1382 1390 rebel·

279 1420 403 1491 lantes
436 1441 506 1516 per
541 1419 679 1490 multos
711 1418 861 1492 labores
894 1443 963 1492 sue
994 1419 1155 1493 subdidit
1187 1417 1380 1492 voluntati.

280 1517 349 1592 Hic
363 1519 582 1617 imperator,
597 1543 682 1592 oum
700 1530 828 1593 contra
843 1520 988 1593 ltaliam
1005 1519 1140 1593 nimios
1157 1541 1379 1616 guerrarum

279 1621 428 1694 labores
455 1619 491 1692 in
520 1619 635 1692 nimia
664 1643 819 1694 suorum
846 1631 968 1694 morte
994 1620 1218 1716 sustineret,
1246 1619 1380 1692 anxius

280 1719 392 1794 nimis
413 1730 450 1793 et
469 1730 672 1815 coartatus,
697 1719 847 1794 fidelem
869 1732 905 1794 et
924 1721 1248 1816 consanguineum
1268 1743 1380 1792 suum

278 1821 483 1894 Hauricum
498 1821 872 1920 prepotentissimum
888 1825 1022 1896 ducem
1038 1821 1244 1916 Saxonum⁷
1257 1820 1380 1893 ferum

279 1933 317 1994 et
331 1923 497 1994 ferocem
514 1922 649 2018 virum7
667 1926 713 1996 de
728 1922 993 1996 ouius'diviciis
1009 1932 1047 1994 et
1060 1922 1226 2020 potentia
1242 1944 1376 1993 omnes

279 2023 476 2095 audientes
497 2023 738 2118 mirabantur,
758 2023 887 2120 sepius
908 2024 997 2096 adiit
1015 2035 1055 2094 ut
1074 2027 1119 2095 ab
1139 2046 1186 2094 eo
1200 2020 1378 2094 auxilium

278 2122 455 2217 haberet3
481 2131 518 2194 et
537 2123 704 2196 rumille
724 2124 901 2196 auxilium
922 2123 956 2196 ei
976 2134 1147 2221 negaret⁷
1172 2122 1379 2218 imperator

278 2224 373 2296 ultra
394 2247 506 2320 quam
526 2226 680 2298 deberet
699 2225 856 2322 pedibus
876 2224 974 2297 illius
1000 2247 1043 2298 se
1062 2222 1281 2322 prostravit3
1311 2225 1377 2295 sed

277 2324 339 2397 ille
358 2325 483 2398 insua
504 2328 712 2422 perdurans
742 2325 928 2424 nequicia,
960 2324 1152 2398 dominum
1179 2347 1288 2397 suum
1317 2347 1379 2396 ex·

278 2425 406 2498 audire
434 2436 471 2496 et
498 2426 542 2496 ad
572 2448 661 2497 suos
688 2429 804 2523 pedes
825 2427 1011 2498 iacentem
1032 2424 1175 2524 sprevit
1193 2425 1377 2497 relevare.

277 2525 356 2597 Hiis
376 2534 504 2596 autem
524 2534 562 2597 et
580 2525 662 2598 aliis
682 2525 824 2599 iniuriis
850 2526 1082 2622 coadunatis,
1109 2525 1282 2598 dominus
1310 2525 1378 2596 im·

275 2631 430 2724 perator
448 2624 608 2697 illumin
629 2649 784 2698 causam
804 2628 973 2725 trahens,
1001 2633 1141 2700 terram
1161 2650 1271 2699 suam
1290 2649 1377 2698 curn

275 2729 420 2800 honore
448 2726 483 2798 ei
510 2726 599 2798 fecit
620 2726 843 2823 abiudicari3
879 2739 916 2801 et
944 2753 1030 2801 cum
1057 2727 1247 2801 videretur
1275 2728 1375 2825 quod

276 2827 429 2899 duxille
449 2850 518 2924 per
536 2827 636 2900 vires
656 2827 852 2910 bominum
872 2853 893 2900 a
912 2839 990 2902 tarn
1009 2829 1121 2926 longa
1143 2839 1180 2900 et
1196 2837 1274 2899 tam
1290 2851 1377 2925 spa·

277 2927 379 3000 oiosa
405 2938 505 2999 terra
534 2935 572 2999 et
595 2951 615 2998 a
643 2937 698 3001 tot
724 2939 761 3001 et
789 2929 901 3002 tantis
920 2930 1055 3002 castris
1074 2927 1290 3002 fortissimis
1311 2951 1376 2999 ne*-

276 3051 465 3125 quaquam
485 3027 554 3101 eici
573 3040 718 3127 posset,
737 3039 864 3108 tamen
881 3029 1046 3128 peccatis
1062 3029 1142 3103 suis
1158 3027 1375 3127 prepeditus

277 3138 315 3202 et
332 3129 528 3202 hominum
547 3154 702 3203 suornm
718 3131 812 3204 odiis
832 3141 1077 3228 aggravatus,
1095 3153 1164 3228 per
1182 3128 1375 3202 dominum

274 3229 543 3328 imperatorem
553 3255 710 3330 prorsus
725 3233 865 3304 mansit
880 3234 1145 3327 exheredatus,
1161 3230 1265 3303 cuius
1278 3233 1376 3302 bona

36 3401 41 3410 ,.
275 3332 449 3403 dominus
469 3331 674 3427 imperator
692 3332 820 3404 multis
839 3331 1069 3429 principibus
1089 3329 1280 3404 distribuit.

0 3433 71 3516 ξ
90 3495 92 3498 ,
186 3443 265 3500 1168.
347 3431 458 3501 ‘Anno
473 3429 622 3503 Domini
641 3435 749 3526 1168,
767 3431 894 3528 vigilia
914 3456 1043 3529 pasce,
1063 3430 1276 3529 sepedictus
1291 3425 1374 3500 Bal·

0 3525 34 3622 'J‘
72 3567 75 3570 ·
181 3515 410 3640 {qt-doinus
439 3553 569 3602 comes
590 3541 627 3603 et
646 3531 760 3605 Alidis
781 3531 988 3630 comitissa,
1016 3531 1223 3606 existentes
1242 3529 1375 3601 Valen-

238 3630 244 3644 '
275 3631 393 3727 cenis,
409 3653 494 3702 cum
510 3627 656 3704 filiabus
671 3631 764 3726 suis,
779 3632 930 3705 lolende
946 3632 1089 3706 scilicet
1103 3627 1374 3706 suessionensi

275 3731 469 3806 comitissa
495 3731 721 3830 dominaque
746 3731 891 3831 Nigelle
912 3743 950 3807 et
967 3735 1114 3831 Agnete
1134 3731 1285 3806 domina
1304 3731 1373 3805 Co-

274 3833 366 3907 ciaci
394 3843 432 3906 et
454 3831 616 3904 Laureta
645 3832 777 3929 vidua,
819 3844 857 3906 et
888 3832 974 3908 filiis
1011 3835 1089 3908 suis
1117 3832 1300 3906 balduino
1335 3839 1374 3902 et

271 3934 456 4030 Henrico‚
489 3931 713 4006 Balduinum
744 3932 862 4007 filium
895 3961 1009 4010 suum
1039 3936 1074 4006 in
1103 3933 1261 4006 militem
1286 3954 1373 4004 oum

270 4035 415 4108 honore
448 4034 652 4130 etgaudio
685 4034 964 4110 ordinaverunt.
1017 4037 1121 4109 'lunc
1151 4044 1279 4108 autem
1305 4031 1373 4104 im·

270 4136 414 4232 pletum
434 4135 502 4209 init
520 4137 619 4233 quod
637 4134 720 4234 ipse
739 4159 869 4210 eomes
889 4137 949 4210 diu
969 4136 1263 4231 desideraverat,
1286 4133 1373 4230 quia

271 4258 292 4307 a
311 4235 439 4309 multis
459 4235 567 4310 annis
587 4247 700 4310 antea
718 4237 907 4336 preteritis
933 4235 1140 4310 inauditum
1168 4237 1304 4329 fuerat,
1332 4242 1374 4304 ut
