3002 4790
309 415 384 491 210
712 385 995 490 'ursmarum

223 621 302 676 1¹89·
313 623 351 686 et
367 613 508 709 largus.
551 611 621 700 Qui
642 611 791 710 quidem
811 613 1016 711 imperator
1033 635 1102 711 per
1120 611 1359 710 Hungariam
1386 623 1436 685 et

312 715 514 812 Rugariam
533 712 735 810 transiens,
754 715 951 788 interram
971 712 1209 812 imperatoris
1229 715 1433 790 Constan-
1496 755 1497 760 =

313 811 567 913 tinopolitani¹
589 814 701 887 venit.
730 814 851 903 Quem
873 838 958 888 cum
977 814 1017 888 in
1033 813 1193 890 transitu
1209 839 1277 888 suo
1293 815 1433 904 rebel·

120 991 121 994 ,
204 916 389 989 'tlt-lem
421 915 653 1011 invenisset,
686 916 723 988 in
756 915 882 1014 ipsum
915 925 1110 1014 tamquam
1136 915 1187 988 ‘in
1218 914 1432 988 inimicum
1494 981 1495 984 ,

264 1039 266 1042 ·
315 1015 453 1092 Christi
489 1015 711 1112 insurrexit,
747 1028 785 1090 et
820 1016 901 1090 eius
933 1015 1103 1092 civitates
1136 1020 1316 1115 quasdam
1353 1019 1430 1092 de-

316 1117 462 1215 struxit,
481 1120 662 1214 quasdam
683 1141 786 1214 vero,
805 1121 893 1192 dum
912 1117 950 1190 in
970 1129 1070 1190 terra
1084 1117 1147 1190 illa
1162 1117 1241 1214 fuit,
1260 1141 1329 1190 sue
1351 1141 1430 1190 vo-

314 1219 447 1292 luntati
478 1219 696 1294 reservavit.
742 1218 901 1292 Intentio
929 1231 1058 1292 autem
1083 1219 1224 1292 domini
1251 1218 1428 1316 impera·

314 1318 406 1394 toris
426 1319 682 1394 Romanorum
701 1330 793 1416 erat,
814 1331 852 1392 ut
871 1314 1138 1418 imperatorem
1153 1319 1427 1396 Constantino·

316 1420 566 1519 politanorum
592 1445 723 1494 secum
747 1422 1030 1518 transduceret,
1057 1422 1118 1495 vel
1145 1422 1281 1496 saltem
1300 1425 1347 1494 ab
1370 1445 1423 1494 eo

318 1545 434 1619 super
462 1526 557 1597 bono
586 1532 622 1594 et
650 1521 806 1619 pacifico
834 1521 994 1595 transitu
1023 1547 1091 1596 suo
1124 1533 1162 1596 et
1188 1546 1343 1596 suorum
1380 1533 1424 1592 et

318 1621 540 1709 victualibus
559 1623 740 1696 habendis
756 1622 849 1697 satis
865 1635 970 1697 esset
988 1647 1157 1700 securus.
1193 1622 1329 1698 Videns
1350 1647 1422 1696 au-

317 1734 396 1797 tem
410 1724 616 1822 imperator
625 1723 1073 1822 Constantinopolitanus,
1093 1727 1190 1822 quod
1209 1724 1422 1822 imperator

318 1826 573 1898 Romanorum
593 1825 629 1897 in
650 1825 788 1900 viribus
810 1826 1039 1924 prevalebat,
1055 1827 1117 1925 qui
1131 1826 1251 1898 Deum
1272 1824 1423 1898 adiuto-

318 1951 400 1999 rem
420 1950 530 2000 suum
552 1937 741 2024 posuerat,
761 1951 847 2000 cum
866 1951 911 1999 eo
928 1951 1062 2025 pacem
1082 1928 1182 2022 fecit,
1202 1926 1311 2024 eique
1327 1950 1417 1998 con·

319 2029 471 2101 ductum
492 2051 604 2123 quem
624 2027 741 2124 potuit
761 2027 936 2124 prestitit,
964 2028 1058 2101 datis
1086 2032 1131 2102 de
1159 2051 1253 2127 pace
1279 2027 1421 2100 obsidi-

318 2131 401 2224 buS,
421 2138 458 2205 et
477 2127 510 2200 ei
530 2127 704 2200 victualia
719 2127 986 2203 amministrari
1000 2132 1046 2203 ad
1062 2129 1293 2228 emptionem
1312 2127 1418 2203 lecit.

319 2228 529 2326 Imperator
543 2240 669 2302 autem
685 2229 940 2302 Romanorum
956 2240 993 2303 et
1011 2241 1150 2305 terram
1171 2230 1271 2301 illam
1289 2240 1326 2303 et
1340 2240 1415 2302 ter-

319 2354 401 2404 ram
430 2330 565 2404 sullani
594 2334 639 2405 de
664 2330 789 2405 Iconio
814 2331 997 2404 transivit.
1042 2333 1135 2406 Cum
1167 2342 1294 2404 auteur
1330 2355 1416 2428 pro·

320 2455 432 2526 spere
452 2431 683 2527 incederent,
704 2443 887 2504 venerunt
910 2436 955 2526 ad
978 2429 1119 2508 flumen
1144 2432 1331 2529 quoddam
1352 2431 1416 2505 fri-

320 2530 556 2626 gidissimum
573 2542 745 2628 tempore
761 2531 1000 2606 calidissimo.
1038 2533 1269 2619 Quibusdam
1286 2543 1412 2610 aurem

319 2629 475 2703 fluvium
495 2630 644 2727 navigio
663 2631 823 2705 transire
839 2632 1139 2731 preparantibus,
1154 2634 1328 2706 dominus
1347 2633 1414 2705 im-

319 2743 473 2830 perator
498 2732 585 2804 illud
613 2731 649 2804 in
679 2757 776 2829 equo
802 2735 963 2808 transire
991 2735 1199 2833 proposuit,
1226 2735 1412 2809 universis

319 2844 446 2906 tamen
483 2833 802 2930 dissuadentibus,
839 2835 900 2932 qui
932 2846 1059 2909 tamen
1089 2835 1126 2907 in
1159 2835 1294 2908 virtute
1327 2835 1411 2933 equi

320 2933 481 3008 transire
500 2934 652 3030 volens,
679 2935 717 3007 in
741 2935 873 3008 mediis
892 2933 1065 3010 fluctibus
1094 2961 1178 3010 cum
1199 2961 1294 3034 equo
1321 2960 1410 3008 nare

321 3033 438 3133 cepit,
467 3045 504 3108 et
533 3036 640 3110 undis
672 3037 950 3134 prevalentibus
978 3038 1057 3110 fere
1089 3042 1310 3112 submersus
1343 3047 1408 3110 est.

320 3137 400 3210 Deo
425 3147 552 3212 autem
580 3138 749 3235 volente,
785 3141 829 3212 ab
856 3137 1071 3212 hominibus
1097 3136 1174 3212 suis
1204 3139 1414 3213 subsidium

320 3238 461 3328 habuit,
482 3249 518 3311 ct
537 3240 582 3312 ad
602 3250 741 3313 terram
762 3242 807 3312 ad
827 3264 917 3314 suos
938 3239 1054 3312 rediit.
1090 3244 1264 3313 Attamen
1286 3235 1406 3312 eac-fri·

320 3339 473 3436 giditate
501 3339 615 3412 nimia
640 3363 737 3510 appe
764 3338 846 3437 ipse
875 3350 957 3412 estu
989 3341 1169 3438 temporis
1203 3339 1342 3414 calidus
1370 3341 1404 3413 in

228 3445 462 3510 1¹9⁰·tantam
482 3439 608 3512 incidit
630 3439 666 3510 in
697 3438 904 3536 rmitatem,
931 3444 1028 3536 quod
1056 3441 1153 3515 infra
1179 3451 1267 3515 octo·
1287 3443 1363 3516 dias
1385 3465 1405 3514 a

6 3535 69 3576 ²
248 3519 447 3646 ¹3¹3seculo
468 3539 650 3636 migravit.
699 3539 812 3614 Cuius
836 3551 993 3614 mortem
1021 3543 1099 3616 lere
1123 3554 1224 3618 totus
1249 3545 1406 3618 mundus

25 3645 77 3700 ”ig-'⁵⁵⁶
163 3671 165 3674 ·

298 3633 404 3711 'fidei
423 3639 626 3713 christiane
645 3641 826 3714 obnoxius
846 3642 1000 3740 planxit,
1020 3645 1207 3744 cumipse
1226 3669 1294 3744 pre
1314 3655 1407 3718 cete·
1495 3651 1497 3708 t

317 3740 369 3814 ris
388 3740 540 3838 regibus
561 3766 605 3814 ac
628 3741 855 3840 principibus
877 3744 988 3818 huius
1012 3747 1139 3820 mundi
1166 3758 1204 3820 et
1225 3744 1406 3845 potentior

319 3857 355 3915 et
372 3841 528 3915 vividior
549 3853 585 3916 et
607 3843 813 3917 animosior
833 3845 1040 3943 videretur,
1060 3858 1097 3920 et
1116 3873 1249 3920 omnes
1269 3847 1404 3945 probis·
1494 3883 1497 3942 ᾗ

318 3943 435 4018 simos
459 3943 516 4018 sui
542 3943 687 4042 imperii
717 3970 801 4018 cum
832 3947 947 4019 multa
974 3949 1052 4020 auri
1078 3958 1116 4022 et
1140 3949 1286 4046 argenti
1305 3948 1404 4046 copia

317 4069 448 4120 secum
476 4045 642 4120 baberet.
687 4046 757 4133 Qui
787 4046 934 4144 quidem
965 4058 1063 4121 terre
1086 4049 1404 4123 lherosolimitane

316 4171 496 4243 magnum
513 4147 711 4245 potuisset,
727 4147 758 4220 si
778 4149 1061 4246 supervixisset,
1077 4151 1255 4224 auxilium
1269 4152 1406 4248 impen.

318 4273 342 4343 1)
363 4273 447 4329 lsaaoi
467 4273 576 4345 Angeli.
