3066 4788
240 386 245 396 ”
364 429 642 506 cunourcou
668 430 986 506 uxuoumuss.
1165 433 1222 540 sc·

4 621 7 696 ἶ
127 633 248 707 salem
274 632 512 708 edificaverit
566 635 607 708 ln
628 635 765 709 Genesi
791 633 930 734 legitur
955 633 1051 732 quod
1070 632 1222 707 Melchi-

4 737 5 744 ’
126 734 296 808 sedech
298 759 365 809 rex
378 734 506 810 Salem
522 738 718 851 proferens
732 760 870 835 panem
886 746 923 810 et
934 734 1063 810 vidum
1077 777 1126 790 -
1141 743 1223 808 erat
1231 747 1264 805 ‘t
1276 744 1322 802 ιι.
1389 739 1391 746 ’

126 834 227 909 enim
251 837 429 910 sacerdos
447 836 516 911 Dei
541 836 782 912 altissimi-
801 847 839 911 et
855 834 1044 910 benedixit
1060 835 1221 909 Abrahe.

4 1011 5 1030 ξ
125 935 168 1008 In
186 935 281 1008 libro
296 937 408 1012 losue
427 937 546 1012 eciam
563 937 715 1038 legitur,
734 939 856 1011 dumt
841 948 941 1012 terra
960 935 1221 1051 promissionis

125 1048 230 1111 sorte
247 1035 344 1111 inter
361 1041 406 1114 12
420 1038 539 1112 tribus
554 1039 780 1113 divideretur
781 1039 909 1137 quod
924 1036 1076 1112 Salem
1067 1061 1148 1136 ipsa
1164 1045 1222 1110 est

3 1147 5 1190 ³
124 1137 370 1213 lherusalem.
391 1139 589 1239 Quraergo
600 1138 878 1214 Melchisedech
890 1137 1221 1214 rexSalemfursse

3 1233 5 1276 ²
125 1239 215 1313 dicit
200 1251 280 1333 tur,
305 1251 480 1314 asserunt
505 1240 614 1315 multi
640 1265 708 1340 per
725 1241 798 1314 hoc
816 1238 1004 1314 latenter
994 1238 1098 1312 innui
1122 1239 1221 1336 quod
1268 1241 1271 1248 ’

3 1415 8 1438 ‚
126 1365 213 1414 eam
232 1340 471 1428 edificaverit.
520 1342 649 1441 Ipsum
667 1368 716 1417 au
718 1352 796 1416 tem
813 1332 1103 1434 Melchisedech
1122 1340 1222 1414 lero·

124 1441 228 1514 nimo
247 1452 322 1516 test
307 1453 356 1540 te,
376 1442 504 1516 dicunt
521 1443 660 1519 Hebrei
676 1443 794 1518 fuisse
813 1441 915 1540 Sem,
936 1441 1054 1515 filiurn
1073 1442 1165 1537 Noe,
1185 1451 1223 1514 et

125 1545 172 1614 ab
192 1566 239 1616 eo
256 1552 343 1642 post
361 1543 541 1618 diluvium
556 1546 714 1619 eandem
734 1547 866 1618 urbem
884 1543 1010 1617 condit
995 1554 1072 1616 tam
1091 1541 1221 1638 fuisse,

125 1653 268 1718 etcum
294 1668 363 1716 sua
380 1645 562 1757 progenie
580 1645 616 1718 in
637 1671 682 1720 ea
700 1667 892 1744 regnasse.
937 1643 1103 1718 lndet
1046 1653 1103 1717 est
1120 1642 1221 1756 quod

2 1760 5 1780 “
125 1744 246 1818 eciam
266 1745 443 1818 sacerdos
460 1745 578 1818 fuisse
593 1745 681 1818 dicit
666 1755 738 1838 tun
758 1745 849 1843 quia
859 1756 946 1818 ante
960 1745 1086 1842 legem
1100 1742 1223 1839 Moysi

124 1869 258 1920 omnes
288 1845 529 1945 primogeniti
502 1848 771 1920 tsacerdotes
798 1845 925 1943 erant
958 1854 996 1919 et
1021 1845 1103 1942 ipse
1131 1843 1221 1918 Sem

124 1946 354 2061 primogenit
357 1971 400 2020 us
340 1948 499 2022 tfuit.
544 1949 623 2022 Hec
643 1957 730 2021 sunt
747 1901 1009 2061 primogenita
1019 1971 1091 2042 que
1109 1944 1220 2018 lacob
1253 1952 1255 1958 ’

125 2047 351 2145 concupivit
371 2073 457 2121 cum
472 2049 573 2121 Esau
587 2048 694 2121 fratri
708 2047 959 2147 primogenito
975 2045 1082 2119 dixit:
1108 2043 1222 2118 Vende

122 2147 213 2220 mihi
242 2151 487 2242 primopenita
523 2157 609 2244 tua,
644 2149 680 2221 id
704 2159 764 2223 est
788 2151 973 2222 honorem
1009 2145 1207 2221 sacerdot
1168 2156 1220 2218 t.n

121 2248 264 2320 Urbem
292 2272 382 2346 ergo
408 2246 537 2320 Salem
565 2259 699 2346 postea
719 2247 881 2321 Gebusei
907 2257 1055 2345 captam
1084 2271 1130 2319 ex
1154 2269 1219 2318 no·
1239 2247 1241 2254 ’

123 2347 228 2420 mine
255 2371 323 2420 suo
351 2359 581 2421 vocaverunt
598 2347 730 2445 lebusp
752 2347 849 2420 sicut
867 2347 904 2420 in
931 2347 1025 2421 libro
1053 2341 1221 2419 iudicum
1286 2419 1289 2424 ι

121 2446 322 2522 invenitur.
374 2447 556 2522 Posteass
580 2447 704 2523 littera
730 2457 872 2522 mutata
899 2448 937 2521 in
962 2447 993 2520 ll
1017 2473 1085 2546 pro
1111 2447 1222 2521 lebus

123 2560 163 2624 et
180 2547 320 2645 Salem,
342 2560 475 2623 vocata
496 2561 553 2622 est
571 2550 815 2624 lherusalem.
868 2549 909 2622 ln
929 2548 1135 2648 eaprimus
1154 2573 1221 2623 rex

1 2721 2 2730 ,
122 2648 243 2724 David
268 2649 448 2723 thronum
465 2661 503 2724 et
521 2661 634 2749 caput
651 2649 873 2725 Israhelitici
891 2650 999 2749 regni
1017 2649 1155 2764 posuit,
1182 2649 1220 2722 in

1 2839 2 2850 χ
124 2776 199 2848 qua
218 2749 400 2824 Salomon
423 2752 608 2850 templum
634 2750 897 2849 edificavitt
859 2762 897 2826 et
916 2777 961 2826 ex
978 2775 1131 2824 nomme
1150 2775 1219 2823 suo

1 2868 2 2878 ’
124 2851 328 2950 appellavit
344 2851 644 2949 lherosolimam,
665 2878 771 2966 qnasi
763 2851 1204 2958 Ierusalomoniam‚
1173 2876 1222 2924 si·

1 2975 2 2998 *
125 2964 188 3026 cut
201 2953 382 3026 Ysidorus
402 2952 499 3025 dicit.
528 2953 633 3027 Hanc
651 2954 794 3052 primus
799 2941 1137 3125 Nabugodtonosor
1154 2977 1221 3026 rex
1315 2961 1316 2964 ’

1 3090 3 3127 =
112 3052 327 3148 ,Babilonis
355 3077 537 3126 succenso
557 3054 712 3166 templo,
740 3053 934 3149 destruxit,
963 3064 999 3126 et
1018 3053 1220 3126 eiushabi-
1341 3127 1344 3134 ,

1 3143 2 3180 ¹
122 3165 266 3228 tatores
284 3153 322 3227 in
340 3152 575 3226 Babiloniam
594 3153 762 3251 captivos
781 3151 951 3245 deduxit3
982 3154 1047 3225 sed
1067 3162 1154 3249 post
1171 3155 1220 3224 70

1 3261 2 3342 Τ
124 3279 244 3328 annos
259 3254 377 3351 Cyrus
397 3264 463 3328 rex
471 3253 679 3328 Persarum
698 3253 833 3326 ludeos
852 3251 973 3325 redire
992 3262 1030 3326 et
1047 3251 1220 3326 lherusa-

1 3353 3 3386 ⁷
123 3357 200 3430 lem
226 3381 312 3428 cum
336 3355 478 3455 templo
506 3353 715 3468 reedificari
739 3353 917 3452 precepit.
963 3353 1052 3426 Post
1077 3352 1220 3468 aliquot

1 3531 2 3547 ξ
124 3480 243 3531 annos
258 3483 324 3530 rex
333 3457 526 3553 Antinous,
546 3455 665 3530 sicut
655 3483 693 3528 m
707 3455 801 3527 libro
815 3454 1108 3528 Machabeorum
1126 3452 1219 3554 legi·

1 3561 2 3647 l
123 3568 196 3655 tur,
226 3583 312 3631 cum
339 3581 477 3656 magno
505 3557 670 3632 exercitu
703 3582 787 3630 eam
817 3555 987 3652 intravit
1017 3580 1146 3628 muros
1173 3581 1218 3629 ex

1 3744 2 3767 Χ
122 3675 265 3758 magna
289 3669 396 3757 parte
417 3658 617 3754 destruxit
648 3658 784 3732 ludeos
810 3657 855 3730 ad
881 3655 995 3729 ritum
1020 3656 1218 3756 gentilium

123 3760 330 3833 transferre
352 3758 482 3856 voluit,
507 3769 544 3832 et
569 3758 607 3831 in
631 3757 713 3856 ipsa
736 3760 828 3831 urbe
852 3783 978 3831 arcem
997 3757 1216 3853 construxit,

1 3873 2 3942 j
122 3860 162 3932 iu
181 3885 256 3958 qua
274 3859 434 3960 gentiles
453 3857 588 3957 posuit
617 3858 727 3931 ludas
741 3883 830 3932 vero
845 3859 1073 3931 Machabeus
1087 3856 1194 3928 mult
1168 3867 1217 3929 trs

1 3983 2 3994 ¹
124 3961 255 4076 preliis
282 3961 442 4061 gentiles
460 3959 545 4033 inde
564 3959 718 4058 expulit
746 3970 783 4033 et
803 3958 926 4072 ipsam
943 3959 1079 4032 iterum
1097 3956 1217 4030 muni·

1 4121 3 4165 p
123 4061 196 4159 vit·
225 4087 351 4137 arcem
375 4073 502 4135 tamen
522 4083 662 4159 capere
681 4085 756 4132 non
780 4059 913 4159 potuit
940 4057 1121 4158 meipso,
1146 4083 1218 4132 nec

1 4227 2 4230 ,
123 4117 340 4255 fralereius
359 4163 522 4236 lunatas
533 4172 620 4277 ppst
643 4161 778 4260 ipsum
832 4159 1080 4257 Symonvero
1100 4160 1217 4233 frater

124 4264 318 4362 utriusque
337 4275 374 4339 et
397 4263 435 4336 in
453 4263 662 4363 principatu
682 4281 881 4336 successor
903 4271 940 4336 et
960 4285 1085 4334 arcem
1105 4260 1216 4360 cepit,
