3002 4790
231 391 431 514 'CHARTA
455 389 593 468 PAClS
627 382 1031 501 vntnncnnnnffls.
1110 383 1180 456 311

8 661 10 674 p
172 593 358 674 Quicunqne
381 592 475 653 luerit
504 594 686 672 prepositus
714 605 768 658 aut
794 595 914 658 iuratus
929 593 1024 672 pacis
1045 591 1185 670 legitime

9 721 17 759 ἶ
90 677 221 760 electps,
242 676 359 738 babeat
377 695 470 736 unam
496 677 577 738 diem
602 686 634 739 et
658 699 751 742 unam
778 687 902 741 noctem
926 680 966 739 de
988 675 1121 737 consilio
1144 676 1184 737 ad

11 809 13 822 ,
90 749 207 824 dictam
226 761 411 822 electionem
427 761 654 840 acceptandam
670 773 725 826 aut
746 762 950 826 renuendam.
985 760 1017 821 Si
1040 759 1185 825 electioni

11 841 13 844 ’
88 865 253 907 assensum
276 844 444 924 prebuerit,
468 853 573 908 utatur
595 846 703 909 officio
724 847 783 911 sibi
806 847 955 928 imposito
971 845 1053 914 iuste
1070 863 1186 907 secun-

91 929 166 990 dum
192 929 292 991 Deum
320 935 350 990 et
375 947 483 990 veram
507 930 753 1006 conscienciam
788 933 813 992 si
836 951 912 994 vero
935 930 1097 992 renuendo
1121 947 1186 988 uon

8 1007 16 1092 ζ
90 1012 300 1085 consen-serit,
332 1031 391 1091 pro
415 1013 546 1082 emenda
570 1015 674 1076 solvet
695 1027 819 1078 centum
843 1015 979 1088 solidos,
1014 1020 1067 1075 aut
1096 1011 1188 1080 aliter

14 1097 15 1100 ’
65 1160 67 1164 ,
89 1097 204 1158 domus
226 1115 283 1158 sua
305 1096 432 1177 propria
456 1097 663 1178 publicabitur
684 1110 715 1160 et
737 1101 875 1161 funditus
899 1100 1086 1162 destruetur.

175 1180 207 1240 Si
230 1180 341 1262 aliquis
358 1180 444 1242 miles
468 1188 522 1242 aut
544 1182 602 1244 sibi
619 1183 763 1246 subditus
780 1192 835 1246 aut
849 1183 929 1244 alins
945 1183 1082 1282 aliquem
1098 1180 1188 1241 viro-

8 1263 15 1355 r
89 1285 159 1325 rum
189 1265 274 1344 pacis
304 1263 487 1344 spoliaverit
513 1274 568 1328 aut
590 1265 619 1327 vi
641 1267 760 1348 aliquid
782 1254 937 1347 rapuerit,
971 1269 996 1328 si
1021 1266 1110 1339 miles
1135 1272 1189 1326 aut

90 1345 202 1426 aliquis
224 1347 298 1414 sibi.
305 1349 501 1410 subditorum
525 1358 605 1412 terre
628 1371 685 1414 sue
708 1353 747 1413 ad
767 1352 872 1414 villam
900 1350 1087 1432 pervenerit,
1117 1358 1190 1427 post

8 1435 12 1514 }
90 1433 375 1512 proclamationem
404 1435 580 1496 bannorum
613 1454 687 1514 per
704 1437 783 1496 duos
815 1437 882 1497 dies
915 1434 1038 1497 sabbati
1067 1432 1190 1532 publice

9 1515 14 1586 T„
90 1516 207 1577 factam
237 1517 292 1576 illc
321 1526 372 1578 aut
400 1516 446 1578 illi
474 1519 638 1598 capientur
661 1521 722 1582 el'
713 1540 745 1582 ιιι
771 1521 947 1582 carceribus
979 1519 1103 1582 comitis
1124 1537 1191 1598 per

9 1605 13 1666 ζ
92 1599 271 1679 quindecim
287 1599 353 1678 dies
369 1601 621 1679 captivabuntur;
644 1603 763 1666 sivero
784 1607 865 1666 intra
890 1605 988 1665 dictas
1011 1601 1192 1698 quindecim
1296 1655 1298 1662 ,

11 1681 13 1716 ³
94 1685 161 1745 dies
184 1684 370 1745 satisfecerit
394 1703 451 1763 per
476 1703 511 1744 se
537 1695 591 1746 aut
616 1704 673 1764 per
699 1688 806 1759 alium,
828 1688 946 1749 babeat
968 1704 1088 1767 pacem,
1112 1694 1142 1746 et
1164 1685 1191 1746 si
1230 1699 1231 1706 ¹

8 1831 11 1850 Ι
92 1787 168 1843 non,
191 1767 523 1848 reponaturiurnanu
544 1768 681 1847 spoliati,
705 1779 740 1831 ut
760 1780 852 1849 coget
873 1791 954 1842 eum,
977 1779 1071 1850 prout
1093 1771 1191 1832 volu-

94 1851 168 1928 erit,
191 1853 231 1913 ad
254 1849 312 1914 sibi
336 1851 440 1913 debite
462 1851 731 1925 satisfaciendum,
753 1854 818 1916 rita
842 1853 907 1916 eius
931 1857 1081 1916 duntaxat
1102 1873 1192 1916 sem-

8 1948 9 1957 ’
92 1955 150 2016 per
171 1939 269 2001 salva.

177 2021 237 2081 Pro
265 2019 387 2082 iusticia
416 2019 510 2082 buius
538 2021 625 2099 pacis
654 2041 711 2102 per
739 2021 898 2084 iudicium
916 2021 1115 2082 scabinorum
1139 2027 1195 2081 aut

94 2104 181 2185 pacis
204 2105 388 2178 iuratorum,
412 2105 499 2165 nullo
522 2105 619 2166 modo
643 2123 749 2166 comes
774 2107 867 2167 debet
887 2107 1047 2202 perdere
1038 2125 1086 2166 rus
1101 2123 1193 2166 suum

95 2198 150 2250 aut
164 2187 380 2250 iuridiciouem
393 2187 645 2270 qualemcunque
663 2188 729 2249 ad
720 2208 822 2269 ipsum
842 2188 905 2250 de
896 2208 963 2250 rure
975 2189 1193 2268 pertinentem.

10 2279 29 2346 ff·
180 2271 319 2346 Quilibet
340 2273 388 2332 vir
410 2272 449 2331 de
471 2273 639 2335 advocatia
663 2273 791 2334 veniens
813 2274 854 2335 ad
879 2272 982 2335 villam
1010 2275 1106 2334 istam
1134 2291 1193 2350 pro

8 2359 9 2432 s
95 2356 263 2418 mansione
285 2356 386 2418 solvet
407 2355 539 2436 proprio
564 2357 692 2418 domino
716 2353 773 2418 suo
796 2359 827 2418 in
851 2357 932 2419 festo
949 2358 1047 2419 sancti
1065 2353 1196 2433 Remigii

8 2447 10 2460 ³
96 2459 180 2503 anno
210 2440 353 2519 quolibet
380 2440 547 2501 duodecim
579 2439 744 2512 denarios,
774 2450 804 2504 et
834 2442 948 2502 mulier
976 2461 1035 2522 pro
1065 2438 1194 2502 servitio

10 2593 11 2598 ι
95 2526 203 2587 debito
225 2524 354 2584 domino
377 2523 505 2603 proprio
529 2525 632 2586 solvet
653 2545 709 2586 sex
731 2523 877 2587 denarios
899 2524 1068 2589 annuatim.

8 2685 9 2688 Ἴ
179 2607 350 2681 Dominus,-
368 2605 547 2689 quicunque
563 2609 665 2681 luerit,
688 2617 793 2688 potest
816 2609 896 2670 insra
921 2609 1024 2676 villam
1049 2609 1194 2669 clientem

8 2695 10 2764 ῗ
95 2691 581 2772 suumautservumflagollare
604 2701 658 2752 aut
681 2695 865 2754 verberare
870 2695 991 2789 absque
1013 2691 1085 2768 boc,
1108 2691 1196 2770 quod
1242 2695 1246 2704 '

8 2773 12 2798 '³'
95 2775 337 2854 inculpeturdo
360 2773 532 2835 violatione
556 2774 656 2853 pacis3
687 2776 766 2837 etsi
795 2775 929 2838 serviin
960 2776 1072 2838 eadem
1089 2774 1195 2838 domo

9 2859 11 2882 ³
97 2861 157 2922 sub
180 2860 291 2919 eodem
316 2857 443 2918 domino
465 2857 568 2918 simul
580 2867 812 2922 commorantes
841 2859 1031 2922 seinvicem
1062 2877 1197 2940 percus-

97 2943 190 3016 siant,
213 2941 410 3022 querimonia
433 2950 463 3002 et
485 2943 617 3003 emenda
639 2942 679 3003 ad
702 2945 863 3004 dominnm
887 2964 1012 3019 eorum,
1050 2943 1197 3004 videlicet

9 3045 11 3112 J
99 3026 262 3088 dominum
283 3022 418 3103 hospicii
442 3026 599 3104 pertinere
622 3027 730 3100 debet,
763 3047 822 3088 nec
843 3028 934 3088 iurati
964 3029 1050 3109 pacis
1074 3027 1113 3087 de
1135 3026 1198 3087 boc

9 3181 11 3190 y
98 3111 185 3172 nullo
209 3109 305 3170 modo
321 3129 355 3170 se
371 3110 579 3171 intromittere
602 3111 729 3185 debent,
753 3110 811 3172 nisi
834 3130 919 3172 mors
940 3111 1015 3172 inde
1037 3118 1197 3190 sequatur.

184 3193 297 3255 Servus
321 3193 493 3254 comedens
513 3211 627 3272 panem
652 3194 773 3256 domini
796 3195 844 3256 sni
866 3214 930 3256 non
960 3202 1063 3274 potest
1084 3193 1198 3274 perbi-

8 3281 11 3288 '
100 3283 176 3340 bere
206 3277 418 3340 testimonium
449 3297 518 3339 cum
549 3279 681 3339 domino
710 3297 769 3339 suo
793 3286 903 3340 contra
929 3279 1023 3340 alium
1048 3279 1087 3338 de
1111 3276 1197 3358 paois

8 3365 10 3442 j
99 3362 282 3424 violatione.

186 3446 218 3506 Si
240 3445 352 3524 aliquis
375 3446 415 3506 de
438 3465 516 3525 pace
539 3445 610 3510 ville
632 3445 740 3508 exierit
763 3445 849 3507 foras
868 3447 907 3507 ad
939 3445 1059 3508 alienas
1087 3453 1198 3520 metas,

102 3539 133 3592 et
150 3529 228 3592 alius
243 3529 345 3607 ipsum
368 3530 557 3606 percusserit
573 3535 626 3590 aut
641 3529 862 3592 violentavarit
877 3531 1061 3593 occassione
1075 3529 1198 3592 iusticie

18 3655 19 3662 ι
100 3615 189 3694 pacis
210 3611 282 3674 ville
304 3620 357 3673 eut
386 3613 491 3686 alites,
523 3614 594 3675 talis
615 3613 827 3694 inculpabitur
848 3615 887 3676 de
906 3615 1077 3676 violatione
1097 3615 1196 3694 pacis,

8 3695 9 3754 ζ
103 3699 167 3760 acsi
191 3695 295 3758 medio
318 3695 389 3757 ville
413 3705 521 3759 nostre
542 3696 605 3759 boc
627 3698 758 3779 egisset;
783 3699 860 3759 etsi
885 3699 1082 3777 querimonia
1104 3697 1200 3759 luerit

101 3783 176 3842 inde
192 3781 276 3861 apud¹
291 3783 409 3842 iuratos
432 3780 519 3861 pacis
540 3781 651 3858 delata,
674 3782 744 3843 talis
760 3784 931 3844 secundum
953 3783 1041 3860 leges
1055 3784 1199 3863 superius

8 3917 9 3922 ,
105 3867 267 3927 ordinatas
291 3864 436 3944 punietur
458 3876 513 3927 ant
534 3885 627 3926 manu
652 3868 780 3946 propria
803 3886 840 3927 se
861 3867 1030 3930 deffendat.

187 3951 318 4011 Duobus
347 3947 511 4011 clientibus
542 3949 628 4030 pacis
651 3951 818 4012 annuatim
847 3971 904 4031 pro
926 3950 1064 4013 serviciis
1088 3967 1197 4011 eorum

8 4079 10 4086 .
104 4034 262 4094 dabuntur
284 4033 391 4113 viginti
414 4033 506 4096 solidi
529 4035 568 4095 dc
591 4035 712 4132 legibus
737 4035 821 4116 pacis
845 4035 1042 4100 adiudicatis

189 4117 233 4178 be
264 4117 408 4178 omnibus
435 4137 529 4198 supra
558 4119 680 4198 scriptis
703 4119 762 4182 bec
786 4139 915 4199 presens
938 4128 1024 4180 carta
1046 4117 1140 4199 plane
1169 4122 1225 4178 et'
1307 4136 1310 4142 ·

9 4213 10 4218 ’
67 4202 173 4280 ¹ipso
196 4200 281 4262 facto
305 4200 471 4274 iudicabit;
503 4204 582 4263 etsi
606 4203 762 4300 aliquain
786 4204 845 4266 bac
869 4205 1012 4300 presenti
1030 4209 1115 4264 carta
1138 4201 1200 4260 de-

8 4297 10 4368 }
102 4285 233 4356 iruerint,
257 4291 311 4346 aut
327 4286 541 4348 declaratione
556 4287 724 4370 indigerint
743 4299 796 4350 aut
817 4286 1086 4384 interpretatione,
1108 4285 1201 4346 iurati

103 4369 200 4451 pacis,
223 4388 400 4448 qurcunque
416 4370 540 4447 sutrmt
563 4371 607 4434 rllr
623 4361 795 4434 secundum
811 4373 910 4435 Deum
928 4379 959 4434 et
974 4369 1200 4434 conscientiam
