3002 4790
296 375 572 562 canopicon
599 433 918 510 senoniense.
976 465 978 470 ,
1078 437 1180 520 ιιι·
1292 438 1324 443 ··
1368 439 1393 452 ’·

45 629 213 710 occisus
239 577 318 734 est,
348 637 411 734 qui
434 646 562 712 tamen
586 635 625 710 in
650 636 854 714 obsidione
862 637 998 710 444444
1016 634 1063 712 44
1079 637 1152 710 No·
1163 624 1247 712 4494

43 736 158 811 villa
171 762 193 809 a
211 737 343 812 balista
364 727 516 812 cecidit.
558 737 600 810 ln
623 737 721 811 bellu
740 738 805 811 illo
824 747 955 815 contra
972 737 1152 811 comitem
1211 783 1213 790 ,

43 838 343 912 Bononiensem
357 848 464 912 erant
478 837 619 913 milites
633 835 708 912 400
721 850 786 912 444
800 839 927 938 plures
941 850 979 912 et
994 838 1152 913 totidem

46 938 219 1012 clientes
237 938 382 1036 equites
401 949 439 1014 et
455 938 599 1038 pedites
618 938 767 1015 circiter
785 943 834 1016 ²0
850 939 964 1015 milia.
1015 939 1152 1014 Comes

46 1050 189 1112 autem
215 1041 254 1112 in
281 1064 349 1114 sua
375 1050 485 1139 parte
509 1039 639 1114 habuit
665 1039 803 1114 milites
839 1045 909 1116 400
933 1050 973 1114 44
996 1039 1154 1114 clientes

47 1140 209 1236 equites
225 1143 299 1215 200
316 1151 355 1215 et
371 1141 516 1240 pedites
535 1141 691 1214 circiter·
708 1146 752 1215 10
770 1140 886 1214 milia
928 1141 1019 1214 Inde
1036 1141 1155 1214 domi·

46 1265 127 1314 nus
149 1265 278 1326 comes
297 1252 437 1316 terram
457 1240 605 1316 comitis
624 1243 669 1315 de
684 1241 884 1316 Danboreh
903 1242 948 1314 ad
968 1241 1153 1316 honorem

46 1342 205 1416 Musan
218 1341 467 1444 pertinentem
486 1343 574 1442 igne
592 1343 857 1420 concremavit.
908 1342 1033 1417 lude
1023 1368 1061 1414 ιιι
1079 1341 1152 1415 Ha·
1180 1363 1183 1370 ·

50 1442 213 1515 neniam
239 1455 449 1538 mertone,
477 1442 679 1518 Henricum
708 1444 841 1518 ducem
869 1443 915 1518 de
941 1443 1164 1518 Lemborch·

48 1544 91 1616 in
111 1554 238 1616 castro
258 1567 327 1615 suo
346 1545 391 1620 de
409 1544 503 1617 Alth
516 1569 537 1618 a
556 1543 736 1618 militibus
764 1555 801 1618 et
824 1543 1072 1620 servientibus
1089 1544 1153 1617 de·

51 1643 169 1718 tineri
188 1654 226 1718 et
239 1643 417 1716 custodiri
436 1643 537 1739 44444
555 1643 759 1719 Henrieum
775 1667 923 1743 quoque
936 1644 1103 1718 filium'
1071 1666 1153 1718 erus

52 1745 94 1818 44
126 1745 222 1842 pede
250 1744 487 1846 vulneratum
513 1745 611 1844 apud
639 1743 948 1818 Haismoucanoit
973 1744 1152 1818 custodiri

52 1845 157 1920 fecit.

133 1946 277 2020 Deinde
296 1945 470 2019 dominus
488 1955 617 2020 comes
635 1893 769 2020 eodem
795 1942 979 2045 tempere
1006 1945 1231 2024 scilieetdus

56 2071 190 2120 mense
208 2046 435 2144 Augusto,
426 2071 464 2118 ιιι
483 2046 625 2144 campis
644 2045 690 2120 44
709 2047 780 2118 llal
809 2071 895 2120 cum
923 2048 1016 2128 duce
1034 2046 1152 2120 Loua-

57 2147 180 2220 nieusi
198 2171 266 2246 per
283 2157 360 2220 tres
379 2147 458 2221 dies
477 2147 708 2244 colloquium
733 2148 883 2244 habuit,
910 2147 972 2245 qui
998 2148 1151 2234 tandem

59 2247 303 2322 concordati'
307 2257 411 2320 sunt
399 2246 646 2345 pateinter
664 2271 730 2322 eos
748 2247 933 2320 firmata¹.
985 2247 1152 2322 Theode-
1159 2259 1271 2314 tto·-

57 2347 159 2422 ricus
173 2359 299 2422 autem
314 2350 359 2422 44
372 2347 542 2421 Beverua
560 2356 663 2421 extra
682 2371 813 2445 pacem
834 2347 939 2422 ducis
956 2348 1148 2422 remansit
1158 2331 1230 2457 ¹¹⁰⁸·

15 2439 24 2460 '
59 2448 230 2547 Rogerus
244 2473 332 2522 vero
348 2449 393 2522 de
406 2447 583 2521 Warooin
597 2472 685 2520 cum
698 2448 850 2522 domino
864 2448 1002 2524 comite
1015 2405 1196 2547 pacem20

61 2561 169 2624 44444
109 2551 358 2645 tfecerat
385 2547 516 2622 relicto
534 2547 776 2624 Theoderico.
816 2549 959 2623 Eodem
976 2561 1149 2647 ternpore

59 2649 270 2724 Willelmus
288 2651 334 2724 de
353 2648 502 2745 Scinlre,
530 2673 662 2723 corum
689 2648 918 2747 coniuratus,
946 2650 1151 2746 aquodam

62 2749 264 2845 serviente,
293 2749 356 2847 qui
374 2775 461 2824 eum
480 2751 629 2845 oderat,
655 2749 692 2823 in
718 2749 870 2823 introitu
888 2751 1019 2848 templi
1037 2750 1149 2824 inter-

62 2849 277 2923 fectus'fuit.
330 2849 372 2922 ln
395 2871 488 2946 paee
508 2859 634 2923 autem
660 2849 807 2934 comitis
829 2849 1058 2926 Flandrie‘et
1075 2852 1149 2924 Ha-

64 2949 171 3024 nonie
199 2961 240 3022 et
263 2948 490 3022 marchionis
516 2949 783 3024 Namurcensis
812 2961 850 3024 et
875 2951 1015 3024 domini
1043 2952 1152 3025 ducis

12 3099 14 3126 1
62 3049 302 3123 Lovaniensis
330 3049 581 3147 compositum
614 3050 704 3145 fuit,
743 3051 841 3146 quod
868 3052 943 3124 dux
969 3053 1014 3126 de
1039 3053 1148 3125 Lem-

12 3211 14 3224 ,
63 3151 175 3224 borch
203 3160 240 3224 et
261 3149 327 3224 filii
346 3149 404 3222 sui
428 3149 465 3220 in
484 3150 616 3224 eadem
640 3173 734 3248 pace
753 3149 903 3223 firmata
928 3162 965 3225 et
983 3151 1148 3225 amicitia
1248 3225 1253 3234 s

12 3265 31 3342 4.
66 3261 255 3336 manerent
278 3260 317 3325 44
338 3276 359 3322 a
383 3261 473 3348 capt
458 3250 558 3324 tione
577 3273 662 3324 cum
680 3249 767 3322 liliis
787 3250 865 3323 suis
883 3252 958 3324 dux
976 3253 1022 3326 de
1039 3251 1148 3327 Lem·

12 3345 16 3368 '
66 3351 175 3424 borch
193 3375 307 3450 super
317 3351 432 3425 tidem
445 3375 553 3424 suam
572 3375 640 3450 per
653 3351 802 3424 obsides
817 3352 992 3426 recedere
1005 3363 1146 3451 posset.

12 3461 13 3468 ’
69 3451 157 3524 Cum
175 3463 300 3526 autem
320 3451 453 3549 aliquis
472 3451 732 3552 episcopatum
745 3452 992 3566 Leodiensem
1007 3453 1076 3528 44
1066 3479 1149 3528 rure

69 3564 104 3627 et
127 3552 245 3652 gratia
276 3551 415 3627 domini
447 3579 544 3652 pape
576 3553 761 3627 obtineret
791 3564 829 3627 et
858 3553 895 3626 in
927 3553 1148 3654 episcopum

13 3735 15 3740 ,
70 3664 301 3728 consecratus
328 3663 449 3750 esset
467 3665 517 3728 44
550 3653 614 3730 ille
644 3654 844 3753 episcopus
874 3679 943 3752 pro
974 3656 1068 3730 duce
1100 3657 1146 3730 de

68 3755 269 3830 Lemborch
293 3764 331 3829 et
353 3753 440 3828 filiis
464 3753 542 3828 suis
568 3777 610 3829 se
633 3755 802 3828 obsidem
828 3757 925 3853 apud
952 3756 1146 3830 dominum

71 3856 235 3930 comitem
250 3855 494 3930 constitueret
511 3879 578 3953 pro
595 3879 689 3954 pace
702 3856 876 3953 tenenda,
893 3857 966 3929 dux
979 3859 1027 3931 de
1038 3857 1146 3950 Lern·

70 3957 175 4030 borch
199 3967 237 4030 44
262 3957 363 4078 filius
391 3956 470 4030 eius
488 3954 671 4030 Henrious
695 3955 769 4030 4444
794 3954 1015 4056 interposita
1039 3957 1145 4032 liberi

14 4137 16 4196 ἓ
74 4137 184 4208 illicis
204 4139 250 4192 444
255 4137 814 4205 44η444444444444444444444444656,
835 4139 1146 4210 ΒιΜῆιὺιιςΜοιω
1220 4143 1223 4148 “

14 4215 16 4274 j
73 4209 328 4299 tatemerem
368 4211 507 4284 Oriignale
526 4213 605 4268 raldo
624 4213 739 4270 deletum
760 4212 1096 4269 inarchivollontensi
1088 4231 1146 4288 ipse

14 4297 16 4334 t
73 4288 172 4355 inspexi.
