3002 4790
319 411 392 482 uo
723 404 1012 479 crscsemrr
1473 449 1475 516 Ξ

226 631 306 684 nee
318 618 476 682 tenermet
516 607 625 696 Quod
658 607 707 682 ita
739 607 879 682 factum
911 617 1056 722 postea·
1071 606 1157 704 fuit,
1189 609 1259 682 sed
1292 625 1457 720 comes

318 709 607 783 Hauoniensis
598 707 715 807 ipsius
747 707 902 781 bominii
935 707 1121 782 iusticiam
1150 721 1189 781 et
1214 707 1476 786 servicium

320 821 357 883 et
375 821 521 909 partem
542 812 588 884 de
607 810 849 902 Geralmont‚
885 833 999 908 quam
1024 809 1107 908 ipse
1134 813 1207 882 dux
1236 834 1288 882 ex
1326 809 1476 930 parte3

320 910 446 985 uxoris
475 936 543 985 sue
569 935 636 1009 pro
663 911 797 984 allodio
825 911 1069 1007 reclamabat
1095 911 1260 983 aduce
1252 936 1294 982 m
1320 899 1476 986 vadio!

320 1013 475 1112 accepit.
504 1013 644 1086 Ibidem
660 1011 857 1086 dominus
848 1023 1054 1110 imperator
1069 1011 1207 1108 effecit,
1226 1015 1339 1108 quod
1368 1014 1451 1084 dux

318 1114 566 1187 Lovaniensis
586 1113 761 1188 Lotbario
781 1113 979 1187 Leodiensi
1006 1114 1126 1186 electo
1147 1113 1377 1186 hominium
1410 1123 1448 1185 et

319 1214 539 1290 fidelitatem
558 1215 664 1312 fecit
689 1224 726 1288 et
744 1215 901 1288 fratrem
920 1237 1033 1287 suum
1051 1215 1274 1310 Albertum,
1286 1213 1384 1286 iam
1407 1214 1443 1286 in

320 1318 542 1414 episcopum
561 1327 840 1411 consecratum,
859 1314 1050 1390 abiuravit

394 1417 569 1494 Albertus
596 1427 724 1490 autem
753 1415 880 1490 Remis
907 1421 1124 1490 morabatur
1151 1427 1188 1490 et
1216 1416 1439 1530 imperium

319 1515 460 1589 intrare
480 1511 712 1591 formidabat.
761 1518 913 1591 Interim
933 1528 1059 1590 autem
1078 1528 1334 1591 surrexerunt
1355 1517 1439 1614 qui·

319 1619 405 1691 dam
433 1618 501 1690 viri
519 1617 634 1717 iniqui
654 1622 699 1693 de
719 1619 941 1711 Theutouia,
961 1629 998 1692 et
1017 1619 1145 1692 Remis
1164 1617 1375 1692 venientes
1399 1627 1437 1690 ct

319 1719 369 1793 ibi
389 1731 581 1794 morantes
601 1744 644 1794 se
664 1720 794 1794 exules
810 1743 898 1796 esse
914 1720 1100 1816 dicebant,
1120 1719 1237 1817 quiin
1257 1731 1433 1792 mortem

318 1821 460 1895 Alberti
483 1823 715 1897 laborabant.
762 1821 937 1895 Albertus
962 1830 1103 1917 autem,
1128 1823 1241 1894 bomo
1268 1821 1363 1918 pius
1394 1832 1433 1894 et

320 1922 500 2020 liberalis,
520 1923 668 1995 illorum
687 1921 772 1996 ficto
793 1922 909 1995 dolori
930 1921 1179 2020 compatiens⁷
1198 1945 1265 1994 eos
1287 1943 1429 1994 secum

320 2023 359 2094 in
385 2024 532 2096 cibariis
559 2023 638 2096 suis
665 2024 793 2122 sepius
822 2023 1022 2120 colligebat
1055 2035 1092 2097 et
1125 2046 1190 2096 eos
1217 2025 1428 2096 admodum

322 2123 541 2198 honorabat.
567 2124 621 2197 llli
638 2135 764 2196 autem
781 2135 984 2222 querentes
1001 2136 1039 2197 et
1054 2135 1206 2223 tempus
1225 2134 1264 2196 et
1281 2123 1425 2218 locum,

322 2234 363 2298 ut
379 2227 573 2300 Albertum
593 2225 821 2322 occiderent⁷
846 2227 1008 2323 quadam
1028 2226 1086 2299 die
1106 2223 1295 2298 finxerunt
1312 2249 1359 2298 se
1378 2226 1424 2298 ad
1467 2264 1471 2273 ·

322 2328 482 2424 patriam
509 2351 617 2401 suam
644 2350 903 2425 regressuros,
929 2328 989 2425 qui
1011 2351 1096 2399 cum
1115 2336 1271 2424 accepta
1290 2330 1336 2399 ab
1358 2326 1423 2398 ho-

323 2427 485 2501 miuibus
504 2428 756 2501 Remensibus
777 2452 870 2524 quos
892 2439 1076 2500 noverant
1101 2427 1266 2524 licentia⁷
1295 2427 1420 2500 civita·

214 2537 401 2599 meatem
422 2529 569 2623 egressi
590 2539 695 2622 sunt3
715 2552 809 2624 quos
830 2539 868 2598 ut
888 2528 1010 2625 magis
1029 2531 1233 2601 honoraret
1245 2528 1419 2602 Albertus

260 2673 262 2678 ·
324 2628 540 2727 episcopus,
566 2652 728 2700 ascenso
749 2651 846 2724 equo
867 2651 951 2700 cum
980 2629 1049 2724 eis,
1071 2641 1269 2726 assumpto
1289 2653 1418 2702 secum

324 2754 399 2802 uno
428 2729 565 2803 clerico
585 2740 623 2802 et
643 2754 715 2801 uno
735 2728 866 2825 milite,
892 2727 931 2806 in
951 2753 1127 2829 campum
1148 2731 1246 2804 exiit.
1299 2729 1417 2818 Quem

323 2830 375 2902 illi
397 2830 595 2929 proditorie
615 2830 902 2927 interfecerunt,
927 2855 1112 2930 suumque
1133 2856 1271 2930 equum
1291 2855 1417 2904 secum

323 2931 559 3004 deduxerunt
578 2942 615 3003 et
632 2932 668 3003 in
684 2931 932 3004 Theutoniam
951 2934 1095 3006 reversi
1115 2945 1213 3006 suut
1246 2933 1416 3007 Albertus
1478 3007 1480 3018 A

325 3043 452 3105 autem
472 3035 517 3105 de
545 3032 650 3106 cuius
676 3043 796 3106 morte
823 3033 888 3107 tali
915 3035 1115 3107 dolendum
1136 3046 1206 3129 est
1231 3033 1266 3107 in
1293 3033 1417 3106 maiori

326 3133 488 3207 ecclesia
508 3138 617 3208 beate
638 3135 752 3208 blarie
771 3133 900 3208 Remis
921 3159 1054 3209 mense
1074 3135 1273 3208 Decembri
1299 3135 1416 3248 sepul·

326 3246 386 3310 tus
415 3247 489 3332 est5
507 3237 622 3309 cuius
644 3261 745 3309 mors
766 3261 812 3308 ex
831 3235 1007 3309 instinctu
1027 3237 1166 3310 domini
1185 3235 1415 3335 imperatoris

327 3347 364 3408 et
392 3337 531 3409 dourini
558 3336 722 3409 Lotharii
749 3337 970 3411 Leodiensis
998 3339 1106 3411 electi
1133 3350 1170 3412 et
1196 3338 1369 3411 fratris
1339 3361 1413 3412 crus

327 3437 474 3511 comitis
492 3440 538 3510 de
554 3439 718 3514 Hostada
739 3439 976 3535 processisse
996 3439 1196 3514 dicebatur.
1223 3439 1413 3513 Letharius

328 3548 455 3610 autem
488 3539 641 3614 Colonie
680 3539 717 3610 in
759 3539 890 3611 maiori
931 3541 1111 3637 ecclesia,
1153 3541 1261 3614 tactis
1299 3563 1413 3614 sacro·

328 3639 483 3735 sanctis,
508 3639 644 3712 iuravit
671 3664 713 3712 se
731 3640 872 3713 mortis
900 3641 1010 3716 huius
1039 3642 1209 3715 nescium
1246 3652 1283 3714 et
1308 3641 1411 3713 totius

328 3739 437 3815 huius
458 3742 567 3840 culpe
586 3741 816 3837 immunem3
844 3746 941 3840 quod
963 3753 1088 3816 tamen
1109 3743 1178 3816 sibi
1198 3742 1311 3815 nichil
1335 3743 1480 3866 ρῐο-,Ᾰ

327 3841 487 3916 liciebat.
524 3843 608 3939 lpse
628 3853 753 3914 autem
773 3844 972 3916 Lotharius
991 3845 1148 3917 veniens
1165 3843 1341 3940 Hoyum¹,
1358 3867 1414 3916 co-

327 3944 406 4016 miti
425 3943 643 4016 Flandrensi
664 3953 701 4015 et
720 3944 950 4018 llanouicnsi
978 3955 1015 4018 et
1043 3945 1249 4018 marchioni
1268 3946 1412 4018 Namm-

329 4045 432 4118 censi
453 4044 656 4140 mandavit,
675 4056 714 4116 ut
733 4047 779 4117 ad
795 4069 836 4117 se
852 4050 1063 4143 accederet!
1082 4046 1142 4145 qui
1158 4049 1203 4119 ad
1220 4071 1304 4119 eum
1318 4047 1410 4119 venit

218 4148 495 4218 ‘restsecunda
522 4145 595 4218 ’die
624 4146 758 4218 natalis
779 4146 946 4220 Dominis
984 4148 1113 4220 Tereia
1139 4159 1265 4221 autem
1284 4147 1411 4220 dicibi-

331 4271 354 4342 1)
374 4271 450 4344 Huy.
