3118 4786
293 408 295 412 ’
325 393 394 466 190
724 389 1008 466 GlSLllBEllTl

228 608 300 662 nse
319 589 526 666 Balduinus
557 592 766 668 Montensis
802 593 1053 691 castellanus,
1102 593 1279 669 Gislenus
1310 595 1428 670 Belli-

217 707 248 759 u.
263 707 306 761 nt.
319 691 460 766 montis
478 693 726 790 castellanus,
745 694 931 770 Henricus
949 693 1159 770 'Biucensis
1176 697 1426 796 castellanus,

320 790 506 866 Geroldus
524 793 577 868 de
585 795 683 891 llun,
702 794 890 870 lohannes
905 795 1107 893 Cornutus,
1126 797 1237 896 Hugo
1250 798 1297 871 de
1310 798 1426 895 lluet,

318 893 504 968 Rainerus
539 895 746 970 advocatus
779 896 1041 993 Martincusis,
1080 897 1335 972 Theodericus
1372 901 1425 973 de

316 993 516 1091 Wallcirs,
550 995 766 1071 Willelmus
799 999 847 1071 de
878 997 1083 1097 Gominiis,
1122 998 1335 1074 Willelmus
1366 1001 1424 1075 dc

317 1097 469 1192 Ausen,
504 1097 617 1196 Hugo
648 1098 695 1172 de
720 1099 868 1196 Anton,
903 1097 1119 1197 Stephanus
1150 1101 1198 1173 de
1223 1101 1423 1200 Lambere,

317 1195 523 1270 Nicholaus
558 1198 606 1270 de
640 1198 756 1272 lluez·
778 1199 1066 1274 Cameracensis
1108 1201 1423 1300 archidyaconus,

318 1297 523 1372 Nicholaus
554 1297 685 1372 Sancti
716 1298 896 1374 Germani
932 1301 1165 1400 prepositus,
1207 1301 1425 1376 Gossuinus

317 1398 533 1496 prepositus
552 1397 811 1498 sonegiensis,
831 1400 1044 1475 Gossuinus
1063 1402 1108 1476 de
1127 1402 1253 1499 Tulin,
1279 1403 1425 1476 char-

316 1499 387 1572 dus
406 1499 452 1572 dc
471 1498 609 1598 Strepi,
628 1500 818 1576 Walterus
831 1503 879 1575 de
891 1501 1072 1594 Blanden,
1090 1503 1217 1577 Pelius
1232 1505 1278 1578 de
1290 1504 1424 1603 Vileir,

316 1599 480 1672 Karolus
507 1601 553 1674 de
579 1599 607 1671 1²
609 1599 755 1698 raisue,
791 1602 954 1696 Karolus
984 1603 1163 1678 Ludovici
1191 1606 1237 1688 de
1263 1604 1424 1680 Fraisne

315 1699 436 1797 filius,
471 1700 678 1775 Nicholaus
702 1702 748 1778 de
768 1703 949 1801 Cauderi,
986 1704 1211 1779 Godefridus
1238 1706 1284 1779 de
1310 1705 1422 1800 Tuin,

316 1802 525 1900 Walganus
562 1804 609 1878 de
642 1803 910 1904 Anfrcitpreit,
962 1805 1159 1880 Baldricus
1194 1807 1240 1880 de
1275 1806 1423 1904 Roisin,

315 1901 472 2000 Egidius
491 1904 537 1978 de
554 1903 780 2002 Bermercn,
816 1904 1033 2005 Stephanus
1052 1907 1268 2006 prepositus
1287 1906 1422 1982 Sancti

316 2002 489 2075 Amandi.
719 2063 725 2076 .
811 2053 814 2060 ,

393 2103 490 2176 Cum
504 2115 632 2178 autem
647 2105 837 2181 Gerardus
852 2105 1050 2182 deSancto
1061 2106 1201 2182 Oberto
1211 2108 1420 2182 Robertum

316 2203 361 2278 de
379 2203 516 2279 Belrcn
540 2205 578 2279 in
605 2206 765 2282 vinculis
792 2208 997 2306 detineret,
1025 2209 1090 2282 ille
1116 2208 1419 2284 misericordiam

313 2306 531 2402 postulavit,
546 2318 589 2382 et
607 2308 642 2383 ei
664 2319 861 2408 tamquam
882 2309 1034 2382 domino
1058 2334 1127 2384 suo
1142 2321 1185 2382 ut
1201 2311 1317 2384 homo
1340 2335 1420 2386 ser·

312 2405 398 2480 vilis
426 2408 650 2482 conditionis
677 2409 899 2484 fidelitatem
923 2410 1023 2484 fecit
1077 2411 1267 2485 (letardus
1286 2420 1416 2486 autem

318 2506 428 2582 illum
447 2508 599 2584 illesum
613 2534 774 2609 corpore
788 2511 967 2584 recedere
980 2511 1153 2609 permisit
1171 2512 1281 2609 eique
1299 2513 1420 2586 hono-

312 2629 395 2682 rem
422 2610 579 2684 ulterius
605 2622 643 2684 ct
670 2613 812 2683 bonum
839 2610 1023 2709 promisit.
1077 2612 1262 2686 Rohertus
1288 2624 1417 2687 autem

235 2718 240 2728 ‘
313 2709 387 2783 cito
420 2709 643 2808 fidelitptem
669 2712 812 2784 factam
842 2712 994 2809 ledenS,
1031 2713 1076 2786 ad
1102 2714 1249 2787 curiam
1273 2715 1416 2788 domiui

310 2810 553 2909 imperatoris
571 2811 691 2908 venit,
718 2812 994 2908 querimoniam
1012 2813 1156 2888 faciens
1184 2816 1229 2889 de
1255 2815 1416 2888 homini·

311 2914 383 2984 bus
419 2910 560 2984 domini
597 2911 746 2985 comitis
777 2913 1030 2988 Hanoniensis
1065 2939 1180 3014 super
1214 2917 1414 2990 sententia.

198 3021 201 3026 '
309 3013 469 3088 Nemine
487 3012 614 3110 itaque
634 3014 926 3112 contradicente,
945 3015 1076 3090 literas
1096 3043 1119 3089 a
1137 3017 1242 3090 ouria
1259 3017 1326 3090 illa
1342 3017 1413 3090 im·

309 3114 486 3213 petravit,
507 3125 549 3187 ut
565 3115 753 3190 sententia
771 3115 836 3190 illa
854 3128 1106 3192 revocaretur.
1160 3117 1243 3205 Que
1262 3118 1414 3216 quidem

311 3215 497 3290 sententia
534 3217 579 3288 ab
616 3216 831 3290 hominibus
867 3216 1008 3290 domini
1045 3217 1212 3316 comitiS,
1257 3222 1416 3294 absente

309 3327 440 3390 tamen
459 3315 626 3390 Gerardo
647 3328 685 3392 et
705 3343 781 3391 non
799 3318 885 3390 inde
905 3329 1110 3416 convento,
1138 3331 1316 3394 revocata
1342 3321 1416 3394 fuit

309 3416 515 3489 Montibus,
532 3416 636 3491 iuxta
667 3428 839 3491 tenorem
867 3417 1063 3491 literarum
1089 3421 1251 3495 illarum.
1304 3422 1413 3496 Unde

309 3517 523 3590 mirandum
542 3530 621 3615 est,
648 3519 837 3615 quomodo
858 3518 987 3592 literas
1006 3519 1091 3594 illas
1111 3547 1133 3594 a
1152 3521 1304 3594 domino
1319 3547 1413 3620 rege

308 3617 567 3692 Romanorum
603 3618 765 3691 Henrico
810 3619 1026 3716 impetravit
1069 3622 1275 3720 RobertuS,
1324 3647 1411 3696 cum

307 3719 427 3820 ipsius
462 3719 632 3816 Henrici,
668 3719 827 3792 Romani
863 3720 952 3814 facti
989 3733 1123 3820 postca
1156 3723 1413 3822 imperatoriS,

307 3820 408 3896 idem
443 3821 623 3893 iudicium
654 3818 691 3890 in
726 3821 926 3916 quemdam
959 3823 1118 3897 militem
1150 3824 1222 3896 fuit
1251 3825 1406 3898 factum,

308 3923 405 3996 Cum
423 3919 608 3995 Henricus
627 3919 767 3994 domini
785 3922 1024 4022 imperatoris
1043 3926 1299 3999 marescalcus
1315 3925 1415 3998 mili-

306 4035 386 4098 tem
408 4023 628 4120 quemdam,
655 4023 890 4123 prepositum
918 4025 1062 4100 scilicet
1079 4026 1412 4124 Argentinensem,¹

309 4126 355 4197 ad
374 4124 540 4196 duellum
559 4136 823 4222 provocasset,
850 4137 887 4201 et
909 4126 973 4200 illc
998 4128 1213 4225 prepositus
1237 4129 1281 4199 ad
1308 4128 1412 4200 diem.

308 4225 553 4298 constitutum
564 4249 648 4298 non
666 4226 864 4324 venissset,
881 4226 1011 4324 quinta
1027 4227 1086 4302 dic
1103 4228 1239 4302 natalis
1257 4227 1412 4300 Domini,
