3002 4790
308 427 582 556 caaourcou
607 444 920 570 mucronum.
1032 483 1039 501 ·
1087 447 1201 525 275'
1283 557 1297 585 .

61 660 198 724 vestes
229 661 267 724 et
292 651 526 748 huiusmodi,
563 677 635 750 que
660 652 810 751 quidem
836 671 957 749 usque
989 653 1035 724 ad
1065 651 1255 728 12001125.

62 753 244 825 marchas
264 753 410 849 argenti
429 753 490 825 vel
510 752 605 826 ultra
625 753 946 847 existimabantur,
970 751 1006 823 in
1026 774 1162 826 manus

63 863 229 950 quatuor
266 852 541 951 predictorum,
586 853 1084 952 scilicetCamberonensis
1126 862 1163 924 et

62 952 194 1027 Sancti
223 954 364 1027 Gisleni
393 958 572 1028 abbatum
599 965 639 1028 et
663 955 838 1028 Willelmi
874 953 999 1026 fratris
1031 953 1089 1027 sui
1126 965 1164 1026 et

61 1053 235 1127 Nicholai
250 1058 295 1128 de
309 1055 566 1129 barbencione
581 1056 783 1151 commisit,
801 1079 871 1153 per
890 1079 1021 1128 eorum
1041 1053 1164 1152 dispo·

63 1154 243 1228 sitionem
262 1155 300 1228 in
320 1157 549 1230 elemosinas
568 1157 854 1245 distribuendas.

102 1278 105 1284 ’
141 1278 185 1352 Et
204 1281 288 1379 quia
308 1283 487 1355 comitum
506 1283 804 1356 Hanoniensium
833 1282 892 1354 ius
919 1292 1001 1354 erat
1024 1281 1061 1353 in
1089 1281 1163 1354 Ha·
1214 1289 1221 1302 '

63 1378 179 1454 nonia
194 1385 379 1490 quoddam
400 1386 445 1456 de
465 1384 562 1457 ursis
583 1383 796 1482 pascendis,
815 1393 851 1456 et
869 1383 1038 1481 ipsorum
1058 1406 1163 1456 urso·

63 1505 149 1554 rum
177 1485 413 1582 custodibus,
446 1486 542 1584 quod
572 1485 722 1584 quidem
755 1481 792 1557 in
828 1483 1094 1557 detrimentum
1126 1493 1164 1556 et

63 1607 272 1680 gravamen
292 1585 487 1664 hominum
506 1611 715 1685 pauperum
732 1595 825 1682 erat,
845 1595 882 1657 et
899 1584 998 1658 idem
1014 1603 1163 1682 quoque

62 1686 103 1756 in
123 1685 263 1757 tedium
290 1686 486 1758 hominum
507 1686 660 1760 divitum
679 1689 916 1781 vertebatur,
941 1684 1013 1757 iste
1033 1708 1162 1758 comes

63 1784 324 1858 misericordie
359 1797 535 1884 respectu
570 1786 628 1859 ius
658 1786 748 1861 illud
782 1796 818 1860 et
851 1785 1162 1858 consuetudinem

63 1911 222 1986 prorsus
243 1886 429 1961 universis
449 1887 663 1971 hominibus
682 1887 761 1989 suis
782 1885 937 1994 remisit.
1056 1891 1062 1906 '

141 2006 333 2095 Quasdam
353 2007 474 2079 eciam
494 2007 801 2102 consuetudines,
821 2029 914 2103 quas
933 2004 1016 2102 ipse
1033 2028 1167 2091 comes,
1229 2073 1231 2077 .

62 2107 103 2179 in
121 2106 186 2179 ius
200 2131 310 2180 suum
330 2117 551 2181 convertere
570 2106 789 2181 intendebat
805 2105 842 2178 in
862 2105 1048 2179 Montibus
1069 2115 1107 2180 et
1124 2105 1161 2177 in
1224 2123 1226 2130 '

64 2206 206 2280 ‘Bincio
227 2218 264 2280 et
281 2207 319 2279 in
337 2207 658 2304 Haimoncasnoit,
677 2231 750 2305 que
770 2207 921 2306 quidem
941 2206 1106 2304 utelagia⁴
1126 2217 1205 2280 eva
1219 2218 1265 2274 ro.

63 2308 308 2405 mensuragia
344 2309 584 2406 dicebantur,
612 2307 708 2407 ·quia
743 2307 781 2380 in
818 2307 1161 2392 mensurationibus

65 2418 240 2507 segetum
267 2408 565 2508 accipiebantur,
598 2434 754 2509 prorsus
779 2407 926 2481 remisit
945 2419 982 2480 et
1001 2411 1161 2483 eandem
1227 2421 1231 2430 '

11 2551 12 2556 ,
63 2510 330 2584 remissionem
350 2510 488 2609 scriptu
509 2521 545 2584 et
563 2509 687 2608 sigillo
708 2534 776 2583 suo
797 2506 1043 2583 confirmavit.
1100 2601 1103 2606 Ι

140 2649 194 2720 De
212 2647 428 2722 hominibus
446 2658 573 2721 autem
594 2648 657 2745 qui
676 2671 717 2720 se
733 2651 945 2745 burgenses
960 2669 1049 2720 esse
1065 2648 1162 2720 dice·

63 2751 166 2842 bant,
185 2751 223 2820 et
240 2748 277 2820 in
291 2747 393 2820 villis
404 2748 679 2845 campestribus
695 2759 896 2820 manentes
914 2747 1162 2845 burgensium

62 2846 233 2921 libertate
251 2848 479 2944 gaudebant,
507 2849 605 2920 unde
625 2851 661 2922 et
680 2852 725 2921 ab
745 2847 918 2922 ecclesiis
938 2857 1015 2929 eta
1038 2847 1161 2922 militi·
1207 2859 1209 2864 '

63 2952 134 3022 bus
152 2971 290 3045 graves
310 2971 402 3045 sepe
421 2950 677 3046 procedebant
695 2949 953 3046 queremonia,
978 2949 1162 3024 ordinavit

67 3049 239 3122 dominus
268 3072 397 3122 comes
426 3057 465 3120 et
490 3051 535 3122 de
556 3047 711 3121 consilio
729 3048 908 3122 nobilium
928 3051 1082 3122 suorum
1107 3049 1162 3122 in-

10 3143 32 3226 {²
66 3149 195 3245 stituit,
213 3159 254 3220 ut
272 3173 384 3222 nemo
404 3147 602 3246 burgensis
623 3147 777 3222 ulterius
797 3157 915 3245 esset,
933 3149 966 3224 si
984 3148 1022 3221 in
1041 3152 1160 3248 burgo
1229 3207 1232 3210 >

66 3260 338 3324 nonmaneret.
401 3308 404 3318 .

136 3371 190 3442 De
211 3368 364 3443 canibus
383 3379 510 3441 autem
530 3367 609 3440 suis
630 3378 668 3441 et
686 3367 940 3465 venatoribus,
961 3368 1023 3466 qui
1041 3369 1160 3441 multa
1280 3364 1284 3372 ’

66 3493 133 3568 per
150 3470 231 3542 loca
257 3468 483 3542 inHanonia
508 3469 627 3566 gistas
651 3493 740 3543 suas
761 3478 799 3542 et
816 3469 992 3566 porsonia
1014 3472 1060 3544 de
1078 3470 1159 3543 iure

65 3572 262 3660 habebant,
288 3571 349 3668 qui
368 3580 495 3668 preter
519 3570 576 3644 ius
600 3569 767 3644 abbatias
794 3580 832 3643 et
851 3581 974 3644 curtes
996 3572 1161 3646 abbatia·

65 3696 145 3744 rum
163 3670 201 3743 in
220 3671 329 3768 gistis
349 3671 428 3744 suis
447 3671 661 3770 opprimere
681 3682 979 3769 consueverant,
1014 3673 1160 3745 ordina·

67 3773 119 3845 vit
135 3773 307 3846 dominus
327 3796 458 3845 comes
484 3781 524 3844 et
539 3770 711 3871 instituit,
740 3783 780 3844 ut
798 3775 844 3845 ab
862 3773 935 3848 hiis
955 3774 1102 3848 abbatie
1122 3783 1161 3846 et

11 3891 13 3946 ῑ,
69 3897 194 3950 eorum
215 3883 339 3947 curtes
358 3873 475 3946 libere
490 3882 769 3971 permanerent,
788 3873 860 3946 hoc
874 3885 1033 3972 excepto
1049 3875 1178 3972 quod,·

69 3973 100 4047 si
117 3974 236 4072 aliqua
257 3974 420 4048 ecclesia
437 3983 578 4048 terram
598 3972 760 4072 aliquam
785 3974 999 4072 possideret
1025 3998 1071 4048 ex
1096 3974 1162 4046 ali·

11 4065 14 4158 ¹,
69 4074 169 4148 cuius
189 4076 389 4149 donatione
415 4085 452 4148 et
474 4073 703 4168 venditione,
728 4079 866 4173 quade
887 4075 1162 4149 consuetudine

12 4185 15 4252 7
67 4174 209 4250 illarum
229 4187 334 4250 esset
350 4187 550 4271 terrarum,
569 4175 604 4248 in
626 4176 759 4274 quibus
775 4200 890 4250 canes
906 4186 943 4249 et
957 4185 1163 4250 venatores

12 4361 15 4368 ,
68 4277 122 4350 ius
149 4299 257 4348 suum
282 4278 434 4376 habent,
463 4275 623 4351 ecclesia
651 4277 736 4350 inde
763 4281 809 4351 ad
828 4277 1032 4362 valentiam
1058 4287 1162 4351 terre

752 4421 757 4434 ·
850 4393 925 4470 as·
1045 4493 1048 4500 Ι
