3066 4788
384 433 660 508 onnomcon
687 432 1008 508 nnnonssnss.
1223 437 1245 536 s
1313 457 1316 462 ·

150 632 339 714 prepositus.
363 669 400 678 -
422 633 618 714 Reiffenberq
639 634 831 696 Monuments
849 640 908 694 etc.
929 632 955 707 1,
971 632 1033 696 819
1046 650 1093 710 sq.
1140 628 1247 708 Oriqi-

150 718 223 780 nate
249 717 281 776 in
307 716 464 780 tabulario
492 717 642 779 Montensi
664 717 862 791 (Misererie
889 717 945 778 des
974 715 1100 776 obortas
1129 712 1245 788 nna)

149 801 350 879 inspecimns.
788 813 811 846 ¹»
1181 799 1245 864 16.

146 942 149 952 ,
237 882 327 947 1195.
356 883 428 945 Mai.
473 881 628 944 Montibus
669 883 701 942 in
743 883 932 944 monasterio
968 880 1002 945 8.
1027 879 1246 942 Watdetradis.

151 963 313 1026 Heinricns
334 966 524 1040 castellanae
546 965 713 1028 Montensis
732 965 852 1026 remisit
870 967 902 1026 in
923 981 1033 1026 manas
1053 963 1201 1025 Batanini
1214 960 1246 1024 V.

149 1047 297 1128 qaidqnid
316 1048 452 1111 babebat
471 1051 503 1110 in
528 1047 634 1128 Offies,
657 1049 708 1128 qai
727 1049 761 1109 id
781 1049 861 1109 cedit
881 1045 1036 1128 Hospitali
1054 1046 1247 1108 ierosolimi—

149 1137 225 1192 tana
246 1131 303 1193 snb
318 1149 421 1194 anneto
436 1151 531 1194 censa
546 1134 586 1196 20
601 1132 768 1192 satidana
782 1132 886 1192 dando
901 1129 1052 1192 ecclesiae
1068 1129 1102 1192 S.
1120 1128 1246 1197 Watde-

148 1213 259 1278 tardis.
302 1215 389 1276 Inter
408 1216 516 1293 fideles
538 1215 659 1276 canitis
679 1213 862 1276 Mainoensis
881 1214 971 1275 testis
990 1217 1247 1274 commemoratur

76 1364 80 1370 ,
149 1294 341 1360 Gittebertus
356 1297 460 1360 Sancti
476 1297 623 1359 Germani
643 1297 815 1358 Montensis
836 1297 1028 1378 prepositus,
1049 1297 1131 1356 inter
1151 1302 1247 1356 testes

149 1381 304 1454 ecciesiae
324 1381 358 1444 S.
379 1381 587 1443 Watcietrndis
601 1380 769 1442 Montensis
785 1378 974 1443 Giitebertus
996 1376 1246 1458 viceprepositus

152 1466 184 1520 et
205 1471 313 1524 eustos
337 1470 369 1523 et
390 1463 570 1528 canonicus.
602 1497 643 1508 -
674 1464 829 1525 Deniiters
850 1465 870 1526 t.
894 1482 921 1524 c.
942 1461 992 1538 ΙΙ,
1015 1463 1056 1525 50
1076 1481 1122 1540 sq.
1169 1458 1244 1520 Ori·

147 1544 253 1687 {Iinale
287 1545 419 1608 babetur
449 1548 482 1608 in
517 1547 673 1610 tabntario
707 1546 875 1622 Montensi,
916 1546 995 1623 fond
1030 1545 1065 1606 8.
1101 1544 1246 1694 Ιναωξητι,

182 1645 239 1688 ons
260 1629 332 1690 752.
1238 1674 1246 1691 .

237 1711 328 1774 1195.
354 1712 430 1773 Deo.
446 1712 475 1776 8.
505 1711 705 1786 (Montibus.)
748 1711 921 1774 BoMainns
941 1709 974 1773 V.
997 1729 1065 1772 cnm
1078 1710 1247 1772 Montensis

15 1764 21 1784 ¹
41 1791 44 1796 '
148 1793 304 1854 ecciesiae
319 1795 458 1856 dominns
479 1802 510 1855 et
526 1794 626 1856 abbas
640 1802 722 1856 esset
737 1803 768 1855 et
782 1797 822 1855 de
835 1797 903 1855 inre
918 1793 1064 1854 abbatiae
1083 1795 1116 1854 in
1137 1793 1248 1853 nsaiom‘

145 1882 242 1951 parte
268 1877 451 1938 allodiorum
476 1895 546 1938 cam
565 1878 637 1958 ipsa
659 1879 793 1939 ecclesia
811 1878 1039 1957 participaret,
1068 1877 1248 1954 recoqnooit

150 1965 181 2018 et
195 1955 395 2036 'contirmaoit
415 1961 498 2039 qnod
516 1961 585 2038 ipse
606 1969 637 2022 et
656 1980 855 2024 snccessores
876 1960 1065 2021 Montensem
1085 1960 1246 2020 ecetesiam

148 2057 171 2098 a
192 2045 371 2120 constaqiis,
393 2061 473 2122 qnae
494 2061 652 2105 anamma
675 2045 821 2122 pmttifioe
843 2051 874 2104 et
895 2044 962 2104 eins
983 2042 1194 2104 cardinalibus
1215 2049 1246 2102 et

148 2123 261 2200 ieqatis
294 2132 324 2184 et
352 2144 373 2186 a
404 2126 527 2188 domina
558 2127 701 2188 Remanent
733 2127 972 2205 archiepiscopo
1005 2133 1036 2186 et
1071 2144 1092 2186 a
1123 2126 1245 2186 damino
1324 2191 1327 2196 ,

150 2203 372 2266 Cameracensi
394 2209 637 2287 qnandocanqae
660 2211 870 2288 reqnirnntnr,
900 2226 980 2287 qnae
1006 2210 1126 2288 qnidcm
1145 2209 1246 2286 qistae

149 2287 200 2347 cei
216 2289 367 2365 personia
387 2291 541 2365 dicantar,
561 2307 694 2368 prorsas
709 2290 841 2350 debeam
863 2290 1009 2367 liberare,
1032 2297 1063 2350 et
1077 2291 1104 2348 si
1118 2307 1246 2350 necesse

144 2370 245 2448 faerit
261 2388 324 2447 pro
338 2372 409 2450 ipsa
423 2373 559 2434 ecclesia
574 2374 736 2452 constaqin
748 2373 803 2434 ttta
817 2373 988 2436 exsolvere.
1031 2371 1118 2432 Inter
1136 2379 1247 2433 testes:

150 2451 343 2515 Gisiebertus
374 2455 553 2534 prepositus
582 2455 612 2518 S.
636 2451 782 2516 Germani
813 2455 996 2519 Montensis.
1037 2454 1125 2516 Inter
1151 2462 1246 2518 testes

115 2537 319 2616 ‚ecetesiam
341 2537 533 2599 Gislebertus
555 2538 716 2617 prediatus
739 2537 836 2617 ipsius
859 2536 1009 2600 eeclesiae
1025 2537 1245 2616 vicepreposi-

148 2625 199 2678 tus
227 2626 257 2679 et
290 2627 406 2684 custos.
436 2653 474 2664 -
511 2619 667 2701 Oriqinale
692 2622 844 2682 inoemtnr
870 2622 902 2681 in
928 2622 1055 2684 arcbiao
1082 2622 1245 2700 Montensi,
1279 2643 1281 2648 ’

143 2700 225 2778 lond
246 2701 279 2762 8.
302 2703 450 2780 Wandra‚
471 2703 559 2765 Mons
581 2705 653 2769 733.
1053 2729 1055 2734 ·
1178 2707 1243 2772 18.

234 2784 325 2850 1195.
342 2786 418 2850 Dec.
427 2788 457 2849 8.
486 2787 658 2849 Boidainas
672 2787 704 2848 V.
712 2806 774 2866 pro
785 2787 918 2848 ecclesia
927 2788 960 2851 S.
974 2787 1191 2851 Wabdetrndis.
1205 2825 1242 2836 -

148 2865 195 2926 De
221 2865 404 2930 hominibus
433 2869 531 2948 ipsius
561 2870 684 2932 comitis
715 2879 824 2933 testes:
855 2869 1044 2932 Gisiebertus
1067 2873 1245 2952 prepositus

147 2947 181 3011 S.
190 2947 338 3010 Germani
350 2951 534 3028 Montensis.
546 2989 586 3000 -
598 2954 745 3015 Daoiaiet·
756 2955 775 3018 t.
785 2973 811 3018 c.
820 2974 855 3032 p.
864 2955 925 3016 657
936 2973 981 3034 sq.
998 2953 1055 3018 Nr.
1065 2956 1132 3018 152.
1179 2957 1243 3023 19.

235 3050 326 3114 1195.
357 3052 436 3111 Dec.
464 3052 493 3113 8.
541 3052 711 3114 Balaninns
739 3053 770 3114 V.
801 3039 914 3131 tondat
948 3075 987 3115 ac
1021 3056 1110 3116 dotat
1142 3057 1245 3117 altare

23 3154 26 3159 ·
85 3152 92 3166 ·
148 3130 184 3194 8.
201 3130 308 3192 iacobi
328 3132 359 3190 in
378 3133 531 3193 Montensi
550 3135 583 3194 8.
605 3135 811 3194 Waldetrndis
833 3135 974 3199 basilico.
997 3173 1037 3184 -—
1065 3139 1111 3197 De
1133 3139 1245 3198 homi-

149 3214 241 3274 nibus
257 3213 379 3275 comitis
397 3221 508 3276 testes:
532 3215 726 3278 Gislebertus
749 3217 927 3296 prepositus
944 3217 973 3281 S.
989 3216 1134 3278 Germani
1150 3219 1246 3278 bion-

147 3298 256 3358 tensis.
279 3297 388 3359 -De
411 3297 543 3360 ecclesia
560 3307 669 3360 testes:
692 3333 731 3344 -
750 3298 943 3362 Gisiebertus
965 3300 1124 3380 predictus
1147 3302 1244 3382 ipsius

147 3378 282 3440 ecclesie
308 3381 558 3460 viceprepositns
587 3388 619 3442 et
640 3390 756 3447 custos.
791 3417 826 3428 —
853 3383 890 3444 In
923 3382 1133 3465 transsumpto
1160 3389 1246 3465 apud

147 3461 344 3540 MiraenmI,
369 3463 542 3530 tot-109.
590 3465 747 3545 Oriqinate
769 3475 857 3528 catat
878 3468 909 3528 in
932 3469 1057 3532 arcbino
1077 3471 1243 3548 Montensi,

151 3545 329 3607 Trbsorerie
351 3548 405 3606 des
428 3547 553 3610 citantes
574 3549 630 3610 Nr.
653 3549 682 3612 8.
1174 3555 1243 3620 20.

235 3638 324 3702 1195.
340 3639 459 3702 Decii.
488 3639 661 3702 Boidninas
675 3641 707 3702 V.
720 3629 871 3705 ecciesiae
880 3641 1068 3708 Condatemi
1082 3647 1109 3710 b.
1122 3647 1244 3710 Mariae

147 3720 180 3779 in
197 3718 357 3781 Hannonia
373 3721 534 3800 benefacit.
551 3759 590 3768 -
613 3725 660 3785 De
677 3724 859 3788 hominibus
877 3727 974 3806 ipsius
993 3728 1115 3792 comitis
1134 3739 1242 3792 testes:

146 3801 342 3864 Gislebertus
365 3803 537 3894 Montensis
561 3808 770 3886 praepositus.
812 3811 949 3872 Miraens
969 3810 996 3890 Ι,
1019 3814 1092 3876 721.
1181 3815 1242 3880 at.

233 3903 324 3967 1195.
352 3903 430 3966 Dec.
461 3905 510 3969 13.
547 3907 745 3986 (Montibus.)
799 3911 965 3974 Bataninns
993 3912 1025 3976 V.
1056 3914 1087 3972 in
1121 3916 1244 3992 capella

37 4061 39 4066 ,
146 4001 216 4062 sna,
239 4006 331 4065 qnam
351 3987 531 4049 Valencenis
553 3991 584 4049 in
604 3991 721 4053 bonore
744 3992 777 4052 S.
792 3993 912 4056 Mariae
935 3996 1120 4072 constrnait,
1143 3997 1243 4060 cano-

146 4068 233 4129 nicos
264 4069 404 4132 institnit.
468 4071 553 4132 Inter
590 4081 686 4135 testes
721 4075 915 4138 Gistebertus
950 4077 1123 4141 Montensis
1163 4100 1242 4161 pre-

148 4152 279 4227 positus.
317 4187 356 4198 -
393 4154 529 4216 Miraens
557 4155 603 4232 ΙΙ,
630 4156 700 4221 981.
757 4157 904 4221 Daainier
933 4161 951 4221 l.
978 4179 1005 4223 c.
1035 4181 1069 4241 p.
1091 4162 1153 4226 658
1174 4183 1241 4244 sqq.

41 4243 45 4252 '
146 4231 204 4295 Nr.
230 4235 298 4326 153.
621 4283 623 4288 .
1165 4249 1241 4313 22.
