3118 4786
322 430 392 503 112
728 428 1005 504 GiSLEBERTl

317 653 428 704 suaa
448 628 652 726 multisque
670 628 763 704 locis
783 639 1101 727 congregatorum
1121 651 1235 726 quam
1259 627 1423 700 aliorum

318 727 485 826 equitum
505 739 543 806 et
559 729 741 828 peditum,
768 728 919 804 vidente
947 740 1089 804 etcum
1109 728 1260 802 domino
1280 727 1422 800 comite

316 829 549 904 Hanoniensi
569 831 747 928 congredi
766 855 841 902 non
860 834 1033 904 audente.
1065 833 1159 906 Cum
1173 839 1300 902 autem
1314 827 1420 901 laco·

317 931 386 1003 bus
411 929 552 1004 domini
580 929 639 1004 sui
665 931 813 1005 comitis
839 932 939 1005 vires
959 934 1148 1004 sustinere
1167 953 1243 1002 non
1261 929 1421 1023 valeret,

318 1030 398 1104 eius
430 1030 728 1106 misericordiam
764 1032 970 1132 postulavit
1002 1042 1040 1105 et
1070 1034 1116 1104 ad
1148 1032 1265 1128 pedes
1296 1028 1419 1127 ipsius

317 1130 464 1205 comitis
500 1133 635 1206 armati
665 1133 866 1230 procidens
900 1143 1067 1207 castrum
1096 1134 1306 1207 Condatum
1335 1129 1418 1203 eius

316 1231 497 1304 voluntati
523 1233 690 1308 reddidit.
739 1232 916 1307 Misertus
943 1237 1070 1306 autem
1089 1232 1264 1305 dominus
1284 1252 1416 1302 comes

315 1331 478 1405 hominis
499 1333 598 1406 illius
619 1343 785 1407 castrum
801 1333 893 1407 illud
908 1334 1052 1433 recepit
1066 1343 1103 1406 et
1117 1331 1332 1430 prostravit,
1350 1330 1419 1401 vib·

314 1433 391 1506 lam
410 1443 537 1506 autem
559 1433 593 1507 ei
617 1433 778 1508 restituit
802 1443 839 1507 et
863 1458 998 1533 pacem
1026 1433 1225 1508 concessit.
1273 1432 1313 1504 ln
1340 1454 1414 1529 quo

315 1533 479 1606 exercitu
501 1557 586 1608 cum
606 1533 743 1608 comite
762 1535 993 1608 Hanoniensi
1013 1534 1082 1607 fuit
1104 1534 1186 1606 eius
1207 1531 1415 1605 avunculus

313 1633 499 1707 Henricus
529 1657 659 1709 comes
686 1635 957 1728 Namurcensis
985 1646 1022 1712 et
1040 1635 1260 1732 Radulpbus
1284 1656 1414 1706 comes

314 1735 540 1810 Ciarmontis
558 1735 596 1808 in
615 1735 783 1809 Francia.

204 1846 244 1900 ’t
258 1846 303 1901 ³4.
390 1836 549 1909 'Eodem
568 1860 681 1934 anno,
699 1847 873 1933 tempore
892 1834 1127 1933 autumpnali
1138 1832 1165 1930 ¹,
1191 1832 1304 1907 motis
1324 1856 1414 1929 que·

293 1935 403 2010 ‘reiis
423 1936 644 2034 quibusdam
664 1938 762 2011 inter
778 1936 955 2010 Iacobum
974 1939 1020 2010 de
1034 1934 1216 2009 Avethnis
1233 1944 1272 2008 et
1284 1943 1415 2031 poten·

312 2035 501 2110 tissimum
534 2037 712 2110 comitem
743 2036 915 2109 Flandrie
947 2046 984 2109 et
1007 2035 1247 2108 Viromandis
1278 2033 1414 2131 Philip·

312 2160 423 2236 pum,
458 2137 542 2235 ipse
573 2161 704 2210 comes
736 2136 929 2236 Philippus
962 2147 1086 2210 castra
1119 2139 1165 2210 ad
1194 2135 1413 2208 comitatum

312 2238 550 2312 viromandie
579 2238 818 2337 pertinentia,
846 2261 918 2335 que
944 2239 1101 2312 lacobus
1127 2241 1173 2310 ab
1200 2236 1282 2334 ipso
1308 2244 1412 2308 tene·

311 2341 386 2437 bat,
414 2339 557 2412 scilicet
575 2339 731 2413 Guisam
758 2349 796 2411 et
818 2337 1081 2434 Leschiereas,
1109 2341 1154 2410 ab
1174 2337 1257 2434 ipso
1277 2337 1411 2409 Iacobo

311 2448 352 2510 ut
377 2439 410 2510 ei
438 2442 612 2512 redderet
637 2438 844 2537 requisivit.
887 2440 933 2510 Et
960 2462 1044 2510 cum
1070 2438 1132 2510 ille
1153 2448 1277 2512 castra
1295 2436 1358 2509 illa
1377 2436 1412 2508 ci

310 2540 469 2611 reddere
497 2549 669 2634 negaret,
698 2562 827 2611 comes
853 2538 1024 2612 Flandrie
1051 2548 1090 2612 et
1106 2537 1346 2611 Viromandie
1371 2537 1410 2608 in

309 2637 450 2712 viribus
471 2638 549 2712 suis
571 2649 736 2712 castrum
755 2638 912 2712 Guisam
932 2640 1089 2713 obsedit.
1125 2640 1263 2713 Comes
1283 2649 1411 2718 autem

308 2738 479 2812 Hancnie
500 2739 622 2812 cidem
643 2739 770 2812 comiti
787 2739 958 2833 Flandrie
978 2751 1016 2812 et
1033 2739 1287 2834 Viromandis,
1315 2738 1412 2810 sicut
1507 2817 1510 2822 ,

310 2839 566 2936 supradictum
589 2850 660 2936 est,
686 2841 964 2938 confederatus,
991 2841 1027 2912 in
1048 2840 1227 2914 auxilium
1247 2841 1329 2913 eius
1350 2863 1409 2911 ca-

309 2947 428 3011 strum
439 2939 688 3014 bescbiereas
704 2965 790 3014 cum
805 2941 973 3014 exercitu
987 2966 1056 3016 suo
1069 2941 1224 3016 obsedit.
1251 2941 1408 3014 lacobus

308 3049 435 3113 autem
460 3041 628 3114 astucius
655 3047 911 3140 agens'super
928 3043 1011 3116 aliis
1032 3043 1165 3116 castris
1186 3041 1265 3116 suis
1285 3044 1408 3114 custo·

307 3140 476 3238 diendis,
517 3166 589 3242 quc
625 3166 647 3215 a
679 3143 816 3217 comite
847 3143 1019 3216 Hancnie
1051 3147 1223 3239 tenebat,
1264 3142 1409 3216 scilicet

305 3243 498 3318 Avetbnas
525 3254 564 3317 et
586 3243 842 3318 Landrccias²
873 3254 912 3316 et
936 3244 1101 3317 Leusam
1116 3241 1143 3339 ³,
1177 3243 1249 3341 ipsi
1281 3241 1409 3316 comiti

304 3342 549 3438 Hanoniensi,
577 3354 770 3440 tamquam
798 3344 878 3416 eius
904 3343 992 3438 ligia
1012 3344 1134 3440 feoda,
1162 3343 1408 3416 custodienda

306 3442 505 3514 commisit.
581 3442 724 3530 Quibus
756 3445 886 3516 comes
917 3442 1171 3517 Hanoniensis
1204 3443 1407 3542 susceptiS,

307 3565 351 3612 ea
378 3540 539 3614 fideliter
564 3543 802 3616 conservavit
827 3567 1024 3641 quousque
1044 3569 1089 3618 ea
1108 3549 1154 3618 ad
1174 3546 1406 3618 voluntatem

305 3642 426 3714 laccbi
452 3642 523 3740 ipsi
550 3642 683 3716 Iacobo
711 3643 883 3718 restituit.
932 3645 1072 3720 Verum
1097 3647 1181 3744 ipse
1209 3670 1339 3720 comcs
1365 3645 1404 3717 in

304 3743 443 3816 viribus
463 3743 542 3816 suis
563 3755 600 3816 et
613 3744 798 3818 machinis
811 3748 860 3818 ¹ad
876 3745 1054 3820 auxilium
1070 3747 1217 3820 comitis
1232 3747 1259 3819 F
1260 3746 1404 3820 {andrie

305 3844 486 3941 existens,
514 3843 680 3918 castrum
704 3845 930 3920 Lescbieras
957 3848 1057 3946 cepit
1084 3857 1123 3921 et
1147 3849 1281 3920 turrim
1304 3847 1403 3919 illius

303 3969 483 4042 magnam
498 3944 535 4018 in
551 3943 670 4020 altiori
686 3944 812 4020 mota⁴
831 3947 1072 4023 constitutam
1086 3973 1156 4047 per
1169 3949 1404 4021 voluntatem

305 4071 329 4142 1)
350 4071 391 4127 Cr.
412 4073 503 4146 Sigeb.
525 4073 603 4132 Cont.
623 4073 721 4150 Aquis.
743 4077 822 4134 1176.
842 4078 859 4133 l.
877 4097 900 4134 c.
920 4097 947 4151 p.
963 4077 1032 4133 4¹5:
1053 4078 1119 4134 Orda
1136 4082 1233 4134 iterum
1250 4081 1321 4134 inter
1339 4077 1405 4131 Prt-

303 4147 397 4216 rippam
410 4153 529 4205 comitem
541 4157 568 4206 ct
578 4150 703 4206 iacobum
714 4155 854 4223 simultate,
866 4161 928 4224 post
938 4167 1049 4208 messem
1061 4153 1172 4221 Armisa·
1183 4161 1233 4206 otc.
1284 4149 1312 4222 2)
1322 4148 1403 4203 Lan·

302 4221 625 4366 qqqcieg‚coalqeqbvesnos
651 4226 684 4277 ad
705 4226 791 4280 occid.
885 4225 911 4298 3)
937 4224 1040 4289 Leuce,
1067 4243 1082 4278 a
1104 4224 1231 4296 Tcurnay
1251 4227 1284 4279 ad
1305 4223 1401 4278 orient.
