3066 4788
305 390 352 496 aa
565 441 569 446 ·
715 417 991 492 ursmarum

302 645 437 693 aarum
472 629 549 692 tam
584 619 620 690 in
648 619 895 693 Ostreiauno·
923 641 1036 716 quam
1069 618 1106 690 in
1139 616 1410 692 cameracesio
1526 673 1527 677 ,

307 719 504 818 aequisivit
524 719 762 816 coemptione
782 743 959 815 congrua.
996 718 1220 792 Godefridus
1240 718 1300 791 iile
1321 721 1408 792 abs·

306 844 381 918 que
411 819 549 918 proprii
576 821 744 918 rumoris
765 820 904 892 herede
923 821 1102 892 decessit
1146 819 1259 892 Berta
1279 828 1410 891 autem

301 921 456 995 cuidam
477 921 602 994 comiti
621 921 803 994 deDuraz
822 920 962 1018 nupsit,
981 919 1116 994 deiude
1136 921 1264 1018 nupsit
1279 919 1412 1016 agitio
1516 923 1521 928 '‘

301 1025 356 1096 -de
374 1021 686 1117 SanctaOberto,
713 1045 733 1093 a
759 1017 831 1119 quo
855 1019 973 1093 filium
992 1020 1123 1094 habuit
1141 1021 1350 1094 Gerardum
1371 1029 1412 1094 et

303 1122 425 1196 filiam
452 1122 631 1196 Nirholao
659 1122 826 1220 predicto
853 1124 899 1194 de
926 1119 1185 1196 Barbenrione
1211 1122 1250 1194 in
1282 1119 1414 1194 matri·
1515 1163 1520 1171 ·

311 1224 438 1298 mdnio
457 1223 642 1296 traditam.
679 1221 792 1296 Cuius
813 1222 985 1320 equidem
998 1221 1137 1320 Egidii,
1155 1220 1412 1295 Hanoniensis

314 1325 415 1398 curia
443 1323 581 1398 summi
609 1325 655 1396 de
682 1321 762 1395 iure
789 1322 1016 1396 hereditario
1043 1322 1220 1421 dapiferi,
1255 1321 1412 1420 gioriosi

314 1423 477 1498 nominis
498 1435 536 1496 et
551 1423 855 1521 incomparabilis
876 1423 1068 1520 probitatis
1090 1433 1128 1498 et
1145 1423 1330 1516 largitatis
1357 1422 1411 1495 fa·

314 1551 390 1622 ma,
409 1525 506 1598 inter
525 1524 723 1598 universos
745 1522 882 1608 militas
901 1534 978 1596 tam
995 1524 1031 1596 in
1047 1545 1166 1622 regno
1181 1523 1412 1598 Francorum

292 1664 295 1669 ·
316 1651 428 1724 quam
443 1627 479 1696 in
499 1625 656 1723 imperio
672 1625 989 1698 Theutonicorum
1009 1635 1303 1722 gyrovagantes⁷
1322 1626 1414 1697 dum
1521 1668 1524 1671 >

315 1726 377 1799 ille
405 1725 507 1820 vixit,
533 1750 601 1824 pre
630 1725 765 1800 ceteris
792 1725 860 1798 fuit
885 1727 1058 1799 exaltata.
1111 1727 1256 1798 Mortua
1284 1737 1412 1798 autam

286 1876 291 1883 -
315 1827 440 1924 Berta7
464 1825 618 1924 Egidius
644 1850 800 1900 uxorem
825 1826 927 1899 duxit
945 1827 1163 1901 Mathildem
1182 1830 1228 1900 de
1247 1825 1414 1900 Berlain·
1520 1921 1521 1925 Ἴ

317 1938 442 2022 munt,
473 1926 592 2023 Egidii
623 1927 670 1999 de
696 1926 762 2000 Cin
790 1937 826 2000 et
854 1926 1032 2000 Damison
1061 1930 1106 2001 da
1134 1925 1413 2022 cinianum,

317 2050 390 2124 que
417 2026 604 2100 Mathildis
633 2038 811 2124 exparte
836 2027 951 2124 patris
984 2027 1041 2100 sui
1072 2027 1297 2103 hereditaria
1324 2027 1414 2100 Bar·
1521 2028 1522 2035 ’

316 2125 523 2200 laimnont1
555 2137 593 2199 et
620 2150 809 2200 summam
836 2127 1088 2202 Hananieusis
1116 2129 1218 2202 curie
1248 2151 1416 2201 camera·

311 2227 411 2300 riam
431 2226 560 2302 tenuit.
589 2227 656 2300 Hic
675 2227 849 2325 equidem
866 2228 1019 2326 Egidius
1039 2232 1084 2302 de
1105 2229 1186 2326 cin,
1204 2232 1290 2302 dum
1311 2227 1416 2324 vixit⁷

312 2330 486 2402 ¹numium
515 2328 673 2400 militum
701 2327 737 2399 in
768 2329 839 2400 hoc
864 2329 993 2402 seculo
1014 2329 1216 2402 viventium
1237 2328 1415 2427 probissi-

311 2453 403 2500 mus
423 2429 459 2499 in
479 2428 594 2500 arnus
609 2428 727 2500 dictus
743 2438 819 2522 est3
839 2429 901 2525 qui
917 2429 953 2500 in
968 2429 1230 2503 transmarinis
1246 2429 1413 2528 partibus

320 2551 404 2601 cum
425 2528 536 2599 leona
556 2526 791 2600 ferocissimo
812 2530 915 2602 solus
935 2529 1118 2603 dimicans
1137 2530 1242 2603 illum
1266 2530 1354 2602 vicit
1378 2541 1416 2602 et

312 2627 518 2720 interfecit,
547 2623 620 2698 non
641 2627 776 2725 sagitta
792 2629 853 2702 vel
872 2653 974 2726 arcu,
1002 2634 1068 2704 sed
1090 2641 1196 2704 scuto
1216 2641 1254 2704 et
1271 2632 1417 2704 lancea.

313 2729 388 2801 utic
423 2751 469 2800 ex
495 2737 602 2826 parta
630 2729 755 2802 uxoris
783 2753 852 2802 sue
876 2730 1055 2804 Damison
1081 2734 1126 2806 de
1152 2732 1271 2807 Cirvia
1290 2732 1415 2830 ipsum

312 2839 485 2905 ¹rastrum
506 2827 694 2902 Cirviam²
722 2830 902 2926 possedit,
930 2842 967 2905 et
995 2832 1141 2906 comitis
1162 2831 1417 2906 Hanoniensis

312 2927 525 3002 commilito
546 2926 624 3022 fuir,
644 2938 681 3000 et
694 2928 731 3000 in
747 2933 906 3026 quadam
922 2955 1072 3028 guerra⁷
1092 2957 1204 3030 quam
1221 2956 1305 3006 cum
1322 2935 1419 3004 duce

314 3028 545 3102 liuvaniensi
571 3030 732 3103 habebat
757 3054 887 3106 comes
915 3033 1196 3125 Namurcansis‚
1223 3033 1306 3132 ipse
1332 3032 1418 3130 Egi·

314 3130 401 3204 zdius
429 3130 649 3204 interfectus
675 3133 772 3230 apud
799 3131 978 3206 Sanctum
999 3133 1221 3207 Gisienum³
1244 3133 1419 3231 sepultus

318 3231 397 3304 fuit.
414 3303 417 3308 ,
432 3231 585 3329 Egidius
606 3242 732 3304 autem
751 3236 798 3304 de
817 3236 955 3306 Sancto
975 3232 1127 3328 Oberto,
1155 3259 1201 3306 ex
1219 3259 1289 3308 sua
1308 3236 1418 3308 here·

315 3332 433 3404 ditate
449 3355 621 3404 summus
637 3331 889 3406 Hanuniensis
910 3335 1011 3408 curie
1029 3335 1173 3433 dapifer
1192 3346 1229 3408 et
1248 3344 1420 3433 exparte

317 3431 505 3502 Mathildis
539 3429 664 3502 uxoris
701 3455 768 3504 sue
805 3455 977 3506 summus
1011 3436 1266 3529 camararius7
1298 3459 1344 3508 ex
1370 3459 1418 3509 ea

316 3529 436 3602 fitium
464 3530 593 3627 genuit
617 3529 808 3629 Egidium,
837 3543 874 3605 et
897 3532 1096 3608 Businias⁴
1121 3529 1258 3610 viliam
1276 3537 1420 3618 instau-

318 3629 425 3728 ravit,
453 3631 513 3705 ubi
541 3630 672 3703 turrim
702 3632 919 3729 construxit,
948 3660 1061 3733 quam
1089 3661 1110 3708 a
1136 3637 1274 3710 comite
1293 3637 1422 3710 Hauo-

317 3731 441 3806 niensi
458 3730 655 3825 Balduinn,
675 3732 844 3806 Balduini
864 3735 1011 3811 comitis
1032 3748 1069 3810 et
1086 3734 1204 3810 Arinis
1223 3737 1422 3810 eomitissa

316 3831 407 3929 filio,
433 3831 470 3904 in
497 3832 604 3904 feodo
632 3833 720 3930 ligio
750 3848 990 3934 susceperat3
1017 3837 1187 3911 Bahain⁵
1212 3838 1332 3911 eciam
1352 3837 1420 3909 vu-

252 3967 254 3972 ’
317 3935 393 4007 lam
413 3933 555 4030 primus
576 3933 807 4008 instauravit.

392 4033 597 4108 Balduiuus
624 4058 753 4114 comes
777 4037 1043 4134 HauonisnsiS,
1071 4039 1242 4112 Balduini
1268 4037 1421 4111 comitis

320 4185 345 4256 1)
360 4185 540 4258 Bariayrnont
624 4187 651 4254 2)
672 4185 811 4245 fluituras,
882 4190 908 4259 3)
928 4189 969 4245 St
988 4189 1118 4256 Gnidum,
1139 4209 1157 4246 a·
1173 4190 1254 4247 Mans
1273 4197 1313 4250 ad,
1328 4193 1422 4248 orrida

317 4259 345 4332 d)
365 4257 501 4316 Boussirr.
577 4261 605 4331 5)
626 4259 740 4326 Bahain,
760 4263 830 4318 inter
851 4261 985 4335 cambray
1005 4272 1031 4318 et
1051 4262 1143 4318 Guire.
1183 4264 1219 4320 G.
1396 4305 1398 4308 -
