3118 4786
325 405 394 480 186
569 401 589 466 s
629 410 664 428 ‘⁶
724 403 1008 479 GlSLEBERTl
1045 407 1050 418 '
1108 400 1111 404 ’

230 605 431 678 nasutius
450 606 496 678 ad
515 614 663 703 patrem
683 604 804 680 venit·
794 605 1049 719 ,habitoque
1067 617 1106 682 ct
1123 615 1231 708 pater
1249 615 1295 682 et
1304 605 1432 704 filius⁷

319 729 511 780 commum
502 705 704 803 consilio,
733 659 864 780 codriti
883 705 1117 782 Hanoniensi
1136 731 1250 807 super
1267 707 1428 782 allodiis

319 816 358 882 et
381 806 503 880 leodis
521 807 697 882 avunculi
723 805 781 880 sui
808 806 973 906 'gratiam
1000 832 1109 884 suam
1135 819 1430 922 concesserunt!

318 908 417 1004 quod
443 933 634 1006 nunquam
653 907 726 1007 iper
717 907 818 982 duo
837 908 1090 984 communiter
1107 910 1294 1006 fecerant
1325 919 1365 984 et
1382 909 1424 984 ei

243 1008 452 1082 intendem
471 1008 683 1124 privilegiis
701 1008 781 1084 suis
800 1009 1151 1086 confirmaverunt
1180 965 1424 1124 Dominoque

267 1101 309 1159 66·
318 1108 541 1184 Constantia
555 1110 700 1210 regina,
716 1111 823 1225 regis
838 1111 991 1186 Henrici
1005 1121 1247 1210 novamque,
1266 1111 1426 1185 comitis

317 1209 573 1284 Hauonicnsis
592 1212 886 1325 consanguinea,
910 1235 978 1311 pro
1002 1211 1086 1311 ipso
1106 1216 1204 1312 apud
1223 1213 1423 1286 dominum

318 1309 588 1410 imperatorem
608 1322 646 1386 et
665 1312 746 1387 eius
765 1311 866 1385 lilius
888 1314 1094 1388 Henricum
1121 1339 1271 1412 regem⁷
1297 1313 1422 1413 preci·

317 1414 399 1509 bus,
418 1412 552 1510 quibus
572 1423 734 1511 poterat,
760 1413 993 1490 intercedere
1012 1415 1195 1490 studebat.
1248 1414 1338 1490 lude
1357 1440 1422 1488 co·

316 1536 399 1586 mes
418 1523 574 1612 accepta
592 1512 792 1614 benignius
811 1513 964 1589 licentia
977 1517 1206 1590 Namurcum
1220 1515 1334 1616 veuit,
1354 1515 1420 1588 ubi

317 1615 523 1688 avunculus
548 1639 639 1688 suus
658 1639 745 1690 eum
764 1619 998 1730 expectabat
1022 1627 1167 1730 certusq
1175 1617 1273 1714 quod
1288 1640 1423 1690 comes

316 1715 572 1790 Hauoniensis
593 1716 769 1815 gratiam
780 1716 923 1791 domini
948 1717 1189 1817 imperatoris
1212 1727 1251 1792 et
1273 1717 1419 1790 domiui

316 1817 419 1916 regis
447 1817 620 1891 habebat.
674 1818 812 1894 Comes
840 1817 956 1918 igitur
980 1818 1268 1916 Namuroensis,
1296 1818 1420 1917 perci·

316 1917 425 2031 piens
444 1918 601 2032 plenius
621 1919 719 2032 quod
739 1943 868 1994 comes
887 1919 1169 2016 Hauoniensis,
1174 1943 1293 2017 nepos
1312 1943 1418 2016 suus,

206 2031 237 2084 ’.
273 2017 355 2090 ’.ιιι
374 2018 478 2092 curia
496 2018 641 2092 domini
659 2018 912 2118 imperatorie,
941 2020 1067 2118 apud
1057 2045 1182 2120 rpsum
1201 2020 1419 2119 imp-erato

316 2143 397 2192 rem
423 2129 461 2194 et
485 2118 690 2194 Henricum
715 2143 846 2218 regem
865 2120 1040 2201 lilium
1006 2145 1089 2194 erus
1108 2121 1360 2195 communiter
1378 2131 1419 2196 et

244 2259 248 2268 ·
315 2220 501 2319 reginam,
527 2219 732 2294 voluntatis
760 2245 827 2296 sue
849 2221 1052 2320 petitiones
1077 2222 1305 2295 omnimodis
1329 2247 1418 2296 con·

315 2330 466 2396 secutus
491 2322 559 2420 sit
588 2347 674 2396 cum
700 2322 783 2421 ipso
804 2321 943 2396 comite
961 2347 1095 2422 pacem
1114 2348 1252 2396 novam
1271 2333 1310 2398 et
1326 2349 1416 2397 con·

315 2422 485 2496 cordiam
503 2423 604 2518 fecit
624 2435 662 2497 et
679 2424 923 2522 congregatis
938 2424 1154 2497 hominibus
1174 2424 1252 2498 suis
1272 2425 1415 2520 multis,

315 2521 519 2619 militibus
557 2523 828 2620 servientibus,
859 2523 1008 2602 clericis
1036 2536 1073 2598 et
1093 2525 1386 2624 burgensibus
1376 2551 1413 2598 ιιι

316 2622 413 2696 atrio
441 2577 550 2696 beale
578 2622 716 2719 Maric,
744 2624 966 2722 recognovit
990 2649 1119 2700 comes
1146 2626 1413 2700 Numurcerisis

316 2724 446 2798 comiti
464 2722 719 2821 Hauoniensi
752 2749 839 2798 eum
865 2725 1034 2800 omnium
1053 2730 1239 2800 bonorum
1257 2751 1413 2801 suorum

315 2825 458 2898 iustum
489 2849 574 2899 esse
606 2779 806 2924 heredem
842 2825 915 2900 fide
947 2826 1192 2926 interposita,
1229 2828 1414 2927 tactisque

316 2949 471 3000 sacro-s
454 2925 612 3024 sanctis
643 2925 787 3023 iurene,
817 2929 914 3024 quod
939 2928 1056 3002 nichil
1083 2929 1241 3002 ulterius
1259 2930 1414 3026 faceret,

315 3026 413 3101 unde
441 3049 569 3100 comes
596 2982 850 3102 llanoniensis
874 3031 920 3102 ab
939 3029 1149 3104 hereditate
1168 3055 1237 3104 sua
1256 3030 1417 3106 alienari-

314 3137 465 3227 posset,
493 3129 554 3226 qui
574 3129 612 3204 in
632 3130 805 3207 omnibus
825 3131 934 3204 bonis
954 3131 1032 3204 suis
1053 3157 1087 3205 er
1079 3131 1349 3228 succederet3
1377 3142 1415 3206 et

315 3233 360 3303 ab
388 3230 604 3304 hominibus
633 3232 728 3329 suis,
758 3232 905 3306 scilicet
924 3232 1146 3306 Clarebaldo
1167 3235 1212 3307 de
1230 3233 1413 3332 Altaripa,

315 3341 353 3404 et
369 3330 550 3404 Bastiano
570 3334 616 3405 de
635 3331 824 3430 Gordinis
843 3344 893 3406 et
911 3332 1120 3407 Godefrido
1136 3334 1181 3407 de
1200 3333 1348 3430 Orbais
1377 3345 1415 3407 et

314 3432 547 3504 Theoderico
568 3435 614 3504 de
633 3432 752 3528 Faan
773 3443 811 3506 et
827 3433 1019 3506 Willelmo
1038 3436 1084 3509 de
1103 3435 1269 3529 Mosain
1289 3434 1411 3508 lberto

315 3532 360 3604 de
375 3531 458 3629 Ais
477 3531 641 3616 Henrieo
661 3532 707 3606 de
725 3487 968 3632 hierlemont
987 3535 1179 3610 Willelmo
1200 3537 1246 3610 de
1264 3536 1418 3649 Unghe·

314 3630 401 3727 siis⁷
428 3587 595 3706 lbhanne
624 3633 670 3707 de
694 3633 904 3732 Golesinis⁷
930 3647 968 3709 et
994 3637 1079 3710 aliis
1105 3637 1246 3736 ιιιιιΙιίε7
1275 3637 1418 3714 securi·

312 3742 412 3806 tates
431 3743 469 3806 et
486 3733 689 3809 fidelitates
709 3735 837 3835 sepius
857 3690 968 3812 aritea
982 3739 1102 3815 factas
1116 3763 1291 3813 renovarr
1282 3739 1413 3838 fecit

313 3833 440 3934 ibique
459 3859 587 3910 comes
605 3837 874 3912 Namurcensis
898 3838 1029 3912 comiti
1048 3840 1282 3914 Hanonieusi
1308 3839 1413 3913 iusti·

314 3935 413 4009 ciam
432 3947 469 4010 et
487 3937 745 4036 provisionem
758 3950 858 4014 terre
873 3963 939 4015 sue
955 3941 1166 4039 commisit5
1185 3941 1416 4040 promittens

314 4120 340 4192 1)
360 4119 484 4190 Diploma
505 4121 626 4176 llainrici
647 4127 739 4178 datum
760 4122 923 4195 Seligiostad
942 4125 1032 4181 XVll.
1054 4126 1116 4181 Kal
1132 4125 1190 4181 lun.
1204 4125 1278 4194 (Mai.
1294 4127 1336 4198 16)
1358 4130 1409 4181 ad-

312 4193 366 4246 buc
386 4205 477 4248 exstat.
516 4195 598 4266 Typis
618 4199 710 4250 datum
731 4207 771 4251 est
791 4199 861 4278 apud
883 4197 963 4252 Prutz
983 4197 1112 4254 Heinrich
1133 4202 1181 4254 der
1202 4201 1282 4256 lowe
1302 4220 1327 4272 p
1347 4199 1408 4265 489,

312 4264 458 4322 'loechcl
480 4287 503 4322 ι.
523 4287 548 4340 p
568 4269 632 4323 606.
670 4268 728 4324 cn.
748 4271 860 4342 Stumpl
876 4289 918 4328 ιιι.
938 4273 1020 4328 4628,
