3066 4788
99 379 114 458 ³2
211 495 214 502 ¹
278 403 328 478 so
695 400 974 478 crsusrmn

279 602 477 697 fratribus,
517 601 862 675 ilenricoscilicet
896 603 1022 676 comiti
1054 604 1308 702 Campanensi
1341 617 1383 681 et

279 702 495 778 Theohaldo
515 701 640 774 comiti
660 702 849 799 Blesensi,
868 705 1042 777 maritata
1062 705 1214 778 fuerunt
1224 705 1249 779 ¹.
1285 709 1382 783 Cum

278 815 406 912 autem
425 803 635 876 invidorum
656 815 694 877 et
710 782 940 902 perti'dorum
968 805 1291 902 suggestionibus,
1317 809 1382 906 qni

278 905 471 978 dominum
500 927 611 977 suum
637 927 771 1002 regern
799 905 955 978 Francis
978 915 1056 977 tam
1077 917 1271 1004 potentem
1289 927 1381 982 csso

277 1006 468 1101 nolebant,
487 1007 585 1104 quod
606 1014 643 1078 ot
661 1005 856 1077 Franciam
877 1015 914 1078 et
932 1005 1159 1079 Gasconiam
1179 1007 1381 1104 obtineret,

276 1108 417 1179 factum
447 1116 507 1178 est
523 1105 621 1178 inter
640 1129 707 1179 cos
726 1105 936 1178 divortium.
976 1106 1063 1204 lpse
1081 1107 1293 1182 Ludovicus
1312 1133 1380 1182 rex

277 1205 380 1280 duxit
410 1229 567 1280 uxorem
598 1206 878 1301 Constantiam,
918 1209 1019 1303 regis
1045 1207 1226 1306 Hispanis
1250 1207 1380 1305 filiam,

278 1307 476 1380 mulierem
495 1307 599 1380 omni
618 1307 784 1380 bonitate
803 1307 969 1404 plenam,
989 1310 1035 1379 de
1049 1333 1122 1405 qua
1139 1307 1234 1382 filias
1249 1310 1380 1384 habuit

278 1411 382 1483 duas,
435 1408 580 1480 Mortua
609 1418 736 1479 autem
765 1408 1005 1504 Constantia,
1032 1433 1105 1505 que
1132 1433 1315 1506 magnum
1340 1411 1378 1482 iu

276 1507 431 1581 Francia
458 1507 588 1581 habuit
613 1508 818 1606 planctum,
844 1507 1055 1581 Ludovicus
1084 1510 1272 1584 rexduxit
1288 1519 1386 1582 unni

15 1661 80 1708 „a
277 1632 359 1682 rem
386 1608 509 1703 Alam,
536 1631 707 1682 sororem
734 1609 988 1707 predictorum
1016 1611 1207 1705 comitum,
1235 1611 1379 1685 scilicet

130 1765 131 1768 ,
168 1708 449 1783 suumomni
469 1708 618 1783 comitis
638 1710 913 1806 Campanensis
943 1719 980 1782 et
999 1709 1203 1784 Theobaldi
1229 1711 1376 1785 comitis

275 1809 484 1906 Blesensis,
512 1810 573 1907 qui
592 1809 688 1883 filias
709 1811 789 1882 eius
810 1812 998 1882 habebant
1017 1827 1174 1906 uxores,
1206 1837 1378 1888 sororem
1487 1851 1492 1858 ·

277 1912 398 1985 eciam
414 1910 561 1983 contidis
577 1910 760 2009 Stephani
775 1921 813 1982 et
827 1910 965 1982 domini
976 1911 1165 2007 Willelmi,
1180 1913 1242 2010 qui
1257 1914 1377 2011 primo

277 2011 521 2088 Carnutensis
553 2011 755 2110 episcopus
770 2010 798 2105 ²,
832 2010 968 2083 deinde
996 2010 1230 2086 Senonensis
1258 2014 1377 2086 archi·

278 2112 480 2210 episcopus
491 2110 518 2207 ³,
549 2121 682 2208 postea
707 2111 907 2183 Rernensis
936 2111 1245 2210 archiepiscopus
1272 2112 1376 2210 fuit‘,

210 2283 212 2286 ,
277 2224 314 2286 et
341 2212 492 2286 ducisse
516 2211 754 2310 Burgundio5
781 2223 818 2284 et
846 2212 1039 2284 comitisse
1063 2213 1312 2286 Bar-le·lluc⁶
1337 2225 1376 2288 et

276 2313 469 2386 comitisse
498 2313 663 2386 Perceel
692 2337 879 2386 sororem·
922 2312 1132 2385 Ludovicus
1159 2337 1225 2388 rex
1249 2316 1374 2413 itaque

277 2417 323 2486 de
337 2415 404 2485 Ala
424 2413 556 2510 regina
569 2412 685 2485 filium
705 2413 832 2493 habuit
848 2412 1072 2510 Philippum,
1093 2423 1130 2485 et
1146 2413 1284 2486 filiam⁸
1302 2440 1375 2513 quo

256 2513 425 2587 ‘cuidam
459 2512 676 2610 imperatori
710 2512 1059 2610 Constantinopoli⁹
1091 2514 1160 2586 luit
1191 2515 1375 2589 maritata.

189 2707 191 2710 v
275 2615 344 2687 Hic
375 2624 503 2686 autem
535 2612 750 2710 Philippus,
781 2637 846 2685 rex
878 2614 1187 2712 potentissimuS,
1220 2640 1376 2692 uxorem

275 2715 407 2789 habuit
419 2714 624 2809 Elizabeth,
639 2712 754 2786 filiam
764 2713 935 2787 Balduini
949 2714 1097 2788 comitis
1108 2715 1375 2814 Hanoniensis,

273 2814 341 2888 filii
353 2815 507 2913 inquam
522 2815 691 2887 Balduini
708 2814 854 2886 comitis
871 2825 907 2887 et
920 2815 1036 2888 Alidis
1052 2816 1259 2915 comitisse,
1278 2819 1377 2892 sicut

275 2920 553 3015 subsequenter
571 2913 719 3014 plenius
738 2913 996 2988 indicabimus.
1317 2968 1321 2974 -
1383 2917 1387 2922 ’

350 3016 606 3092 Theodericus
628 3040 757 3090 comes
771 3015 942 3088 Flandrie
962 3019 1007 3089 de
1027 3041 1142 3090 uxore
1163 3042 1231 3092 sua
1246 3017 1374 3092 Sibilia

274 3117 372 3215 filios
396 3119 527 3194 habuit
550 3128 588 3192 et
612 3117 732 3212 filias,
764 3141 923 3216 quorum
956 3142 1054 3192 unus
1087 3118 1154 3191 fuit
1180 3119 1373 3218 Philippus

277 3243 406 3294 comes
434 3220 605 3294 Flandrie
635 3231 670 3292 et
690 3218 928 3291 Viromandis
952 3218 1254 3318 potentissimus,
1280 3221 1375 3293 alter

274 3331 366 3392 vero
381 3322 554 3394 Mothous
571 3343 699 3392 comes
714 3318 966 3415 Boloniensis,
985 3319 1047 3414 qui
1066 3343 1111 3393 ex
1126 3330 1232 3418 parte
1247 3320 1374 3394 uxoris

164 3447 177 3512 j
275 3417 390 3492 sue¹⁰
421 3421 640 3494 comitatum
666 3418 935 3491 Boloniensem
961 3421 1119 3518 adeptus
1146 3420 1225 3498 fuit.
1278 3423 1374 3496 Cum

276 3519 377 3591 enim
397 3519 598 3593 comitatus
616 3518 853 3592 Boloniensis
876 3518 926 3592 ita
951 3532 1116 3618 vacaret,
1143 3524 1242 3619 quod
1265 3523 1375 3621 quasi

274 3620 400 3695 nullus
419 3619 455 3692 in
476 3644 521 3692 eo
540 3621 654 3693 heres
675 3629 926 3718 compareret,
948 3623 1199 3720 compositum
1220 3623 1288 3696 fuit
1307 3645 1375 3720 per

275 3720 617 3796 considerationem
637 3720 833 3793 hominum
851 3731 952 3794 terre
971 3721 1070 3796 illius
1089 3726 1187 3821 quod
1211 3727 1373 3820 quedam

159 3875 161 3882 a
212 3913 215 3920 Ι
274 3823 440 3920 domina,
468 3841 541 3920 que
568 3821 759 3920 religionis
787 3822 955 3897 habitum
982 3834 1259 3922 assumpserat,
1287 3824 1374 3921 quia

274 4033 301 4100 1)
319 4053 345 4090 r.
366 4051 397 4087 su
417 4050 446 4087 ra
465 4049 492 4102 p.
511 4030 557 4086 81.
621 4029 748 4102 2J1165.
814 4031 840 4098 3)
862 4030 942 4086 1168.
1013 4031 1040 4102 4)
1062 4030 1142 4084 1176.
1215 4029 1373 4102 Mariae,

274 4109 365 4163 uxoris
412 4104 488 4165 donis
509 4103 543 4160 ll.
563 4103 738 4175 Burgundios
757 4105 842 4160 ducis.
879 4102 914 4158 B.
993 4101 1374 4174 supernumerarii*

274 4181 354 4235 naldo
374 4180 409 4235 ΙΙ.
430 4180 522 4238 comiti
543 4176 677 4233 Barcensi.
717 4176 748 4231 B.
842 4178 868 4245 7)
892 4176 1046 4239 diethildis,
1073 4175 1191 4231 Rotroco
1213 4176 1261 4229 ΙΙΙ.
1282 4175 1374 4229 comiti

273 4250 424 4309 Porticensi
442 4254 590 4327 copulatae.
623 4248 656 4304 B.
713 4249 740 4322 8)
756 4250 897 4322 Agnetem.
955 4249 980 4320 9)
996 4248 1141 4305 Alexioll.
1200 4248 1242 4320 10)
1258 4247 1372 4303 Mariae.
