3002 4790
345 406 624 482 CHRONlCON
650 407 971 482 HANONIENSE.
1075 463 1079 469 ·
1133 411 1206 484 229

102 621 145 685 et
166 612 282 685 armis
301 609 502 706 munierat⁷
530 633 602 709 que
621 620 659 683 et
677 609 714 681 in
734 609 874 683 domini
901 609 1003 708 regis
1029 609 1149 706 gratia
1170 619 1299 681 etttot.

101 713 143 785 in
172 713 277 786 ducis
295 711 543 785 Lovaniensis
570 709 706 783 auxilio
735 709 954 784 confidebat.
1002 709 1108 784 Unde
1134 712 1225 798 dun¹

101 811 358 886 Lovauiensis
399 812 525 883 comiti
557 811 791 884 Hanoniensi
830 835 1054 909 guerrarum
1098 810 1207 883 citius

104 913 230 986 movit
262 913 443 1007 insultus,
470 912 531 1009 qui
567 912 604 984 in
634 911 752 1010 ipsius
788 913 893 986 ducis
929 915 1133 1011 dampnum
1169 921 1209 982 et

104 1014 375 1088 detrimentum
405 1024 538 1111 postea
568 1014 667 1085 versi
696 1023 804 1107 sunt7
837 1023 878 1085 ut
904 1013 1027 1086 adbuc
1054 1011 1208 1085 dicetur.

105 1116 250 1190 Cornea
269 1125 395 1188 autern
416 1113 669 1186 Hanoniensis
689 1117 734 1186 de
754 1113 825 1185 hiis
847 1136 918 1210 que
934 1115 979 1184 ad
993 1111 1206 1184 dotalicium

104 1214 311 1310 lldatlrildis⁷
339 1237 412 1312 que
440 1237 483 1286 se
511 1216 681 1310 reginam
709 1213 891 1310 appellari
919 1212 1099 1308 faciebat,
1126 1213 1206 1284 iure

103 1316 361 1414 pertinebant,
388 1314 503 1386 nichil
522 1339 708 1413 occupare
728 1315 890 1406 volebat³
919 1337 1004 1386 oum
1024 1314 1207 1388 maiorem

106 1441 241 1490 eorum
280 1426 426 1514 partem
473 1415 654 1488 voluntati
696 1439 764 1488 soe
802 1427 970 1512 paratam
1011 1413 1208 1486 inveniret.

104 1517 205 1589 Dum
225 1529 350 1588 autem
371 1539 500 1589 comes
520 1516 774 1590 Hanoniensis
794 1519 840 1588 ad
864 1515 1083 1588 saisandum
1101 1514 1209 1604 Flan·
1286 1529 1291 1536 '

107 1617 227 1689 driam
258 1615 466 1710 circuibat,¹
490 1617 695 1688 exercitum
729 1641 838 1689 suurn
864 1618 961 1711 apud
987 1616 1207 1688 Geralmout

107 1741 267 1790 manere
299 1715 478 1809 faciebat,
517 1719 561 1786 ad
603 1717 868 1788 custodiendas
909 1727 1036 1787 contra
1072 1718 1207 1787 ducem

104 1818 383 1890 Lovaniensem
404 1827 525 1888 terras
546 1841 649 1910 suas⁷
677 1817 887 1888 Flandriam
908 1815 1052 1887 scilicet
1075 1825 1112 1886 et
1135 1816 1207 1888 Ha-

106 1919 272 2003 noniam.
308 1915 494 1990 blathildis
518 1926 644 1988 autem
661 1941 773 1988 omne
789 1919 885 2014 quod
902 1926 1050 2013 poterat
1065 1915 1206 1988 malum

108 2022 207 2117 apud
230 2018 421 2091 dominum
442 2017 670 2089 Willelmum
699 2019 929 2090 Remensem
956 2015 1207 2114 archiepisco-

108 2143 219 2216 pnm⁷
247 2119 307 2215 qui
336 2142 402 2214 pro
431 2119 603 2190 absentia
631 2119 732 2213 regis
757 2118 952 2190 Franciam
983 2121 1209 2214 procurabat

109 2229 147 2291 et
166 2223 262 2315 apud
290 2220 382 2290 alios
403 2241 662 2315 quoscumque
681 2217 836 2290 Francie
864 2228 1038 2315 potentes
1066 2216 1206 2290 machi-

105 2324 266 2393 nabatur
280 2329 408 2392 contra
425 2319 599 2413 comitem
616 2317 910 2390 Hanoniensem.
948 2317 1059 2390 Cives
1079 2318 1206 2415 itaque

105 2421 377 2493 Atrebatenses
398 2430 435 2491 et
454 2424 665 2515 burgenses
684 2419 863 2491 Arienses
884 2429 921 2491 et
939 2417 1066 2492 Sancti
1086 2420 1207 2491 Audo-

1 2605 2 2608 ,
107 2521 201 2593 mari
230 2532 267 2593 et
297 2521 402 2592 multi
437 2521 496 2592 alii
534 2519 659 2592 comiti
698 2518 928 2592 Hanoniensi
963 2519 1206 2592 adhesissent

104 2633 298 2718 tamquam
334 2621 485 2694 domino
521 2644 590 2693 suo
619 2619 866 2712 hereditarim
904 2619 935 2693 si
964 2619 1046 2717 ipse
1074 2643 1205 2691 comes

108 2746 173 2793 eos
201 2722 395 2818 suscipere
416 2721 619 2815 voluisset3
647 2723 712 2793 sed
742 2723 826 2817 quia
855 2719 906 2792 illi
936 2722 980 2791 ad
1012 2719 1205 2792 dominum

108 2845 240 2917 regern
255 2823 483 2893 Francorum
505 2846 550 2892 ex
569 2831 675 2918 parte
694 2819 760 2891 filii
773 2821 829 2893 sui
846 2819 1035 2918 budoviei,
1054 2819 1204 2918 nepotis

109 2920 256 2994 comitis
300 2920 573 3014 Hanoniensis7
617 2921 795 2993 devenire
837 2923 1042 3016 debebant⁷
1090 2920 1204 2994 fidem

109 3047 216 3094 suam
243 3022 280 3092 in
307 3020 430 3117 aliquo
456 3020 585 3093 ledere
614 3021 739 3091 noluit.
788 3022 964 3092 Attamen
993 3025 1204 3116 burgenses

1 3119 2 3122 '
110 3122 234 3196 Sancti
264 3120 488 3216 Audomari‚
528 3119 703 3192 homines
735 3118 874 3192 domini
912 3121 1015 3216 regis
1045 3121 1205 3192 Franco-

109 3247 190 3294 rum
206 3246 444 3320 nequaquam
462 3221 657 3319 suscipere
671 3221 883 3315 voluerunt,
903 3244 1098 3319 quousque
1118 3221 1204 3293 inde

109 3323 143 3394 in
174 3323 274 3396 curia
300 3323 439 3396 domini
470 3321 573 3419 regis
602 3321 885 3394 laudamentum
914 3331 951 3394 et
981 3331 1203 3420 preceptum
1270 3360 1274 3366 ·

112 3424 254 3496 comitis
283 3423 537 3496 Hanoniensis
565 3425 786 3496 habuerunt.
835 3421 941 3506 Unde
978 3433 1108 3521 postea
1141 3423 1203 3494 ‹liu

1 3616 2 3619 Ἴ
111 3523 294 3598 offensam
324 3523 425 3621 regis
452 3535 488 3598 et
514 3525 551 3597 in
568 3525 738 3622 ¹pecunia
765 3547 833 3596 sua
862 3526 1066 3622 dampnum
1098 3521 1203 3621 passi

1 3702 2 3705 ,
111 3635 207 3719 sunt,
227 3649 312 3697 curn
332 3625 403 3722 ipsi
418 3626 546 3697 ordine
563 3625 659 3697 iusto
675 3626 896 3698 incedentes
913 3649 932 3697 a
947 3624 1046 3698 iusto
1061 3625 1203 3697 herede

109 3726 276 3799 Flandrie
302 3728 481 3798 recedere
509 3725 706 3822 nolebantu
733 3724 806 3798 nisi
834 3727 879 3798 de
911 3725 1009 3798 illius
1039 3749 1201 3798 assensu

110 3826 299 3924 'plenario
356 3827 461 3899 Tunc
485 3824 667 3923 temporis
695 3830 740 3898 de
765 3826 1029 3898 benevolentia
1056 3835 1093 3898 et
1117 3839 1303 3897 con-‘tta

1 3934 2 3945 ’
112 3950 222 4000 sensu
238 3925 652 4026 comitisllauoniensis
666 3927 729 4000 lda
742 3926 980 4002 Bolonieusis
997 3925 1203 4022 eomitissa,

112 4050 179 4123 que
199 4053 299 4116 novo·
316 4039 499 4125 nupserat
516 4027 671 4121 marito,
699 4027 878 4100 llainaldo
899 4027 1024 4100 comiti
1043 4027 1088 4100 de
1102 4026 1202 4099 Dan-

111 4127 241 4206 martin
261 4128 298 4200 in
317 4129 449 4226 Goela‚
472 4140 614 4201 terram
634 4152 741 4201 snam
761 4127 971 4223 boloniam,
997 4151 1109 4225 quarn
1129 4128 1202 4201 dux

1 4265 2 4336 3
37 4227 39 4231 ’
110 4226 352 4302 Lovaniensis
381 4254 448 4326 per
467 4229 607 4328 aliquot
628 4239 781 4326 tempus
803 4239 1056 4328 occupaverat
1077 4239 1115 4301 et
1134 4251 1203 4328 per
