3002 4790
329 381 1178 555 cunourcoumuonmusr.m1

64 591 247 714 lilius
214 665 296 714 erus
311 640 507 718 Henricus
532 642 631 724 hanc
662 606 908 718 elemosinam
935 666 1003 741 per
1026 656 1272 716 manumssos.

67 739 230 814 domini
257 742 406 816 comitis
433 739 691 820 llanoniensis
711 743 892 842 sepedicti
913 752 959 818 et
991 767 1071 840 per
1093 741 1182 817 scri·

65 851 194 955 ptum
214 852 252 917 et
268 842 387 941 ipsius
406 843 554 919 comitis
572 843 740 944 sigillum
758 843 1003 926 confirmavit.
1055 843 1182 917 Eccle

70 940 137 1016 sia
154 953 288 1018 autem
301 944 507 1019 Montensis
522 945 700 1061 hospitali
713 943 1038 1020 lherosolimitano
1052 943 1181 1020 villam

68 1043 307 1142 predictam,
329 1044 427 1120 sicut
448 1045 720 1161 supradictum
739 1056 808 1144 est,
831 1049 902 1120 snb
921 1070 1047 1120 annuo
1065 1070 1180 1121 censu

73 1143 264 1219 contulit·
255 1167 400 1260 ,super
414 1171 487 1246 quo
503 1146 654 1245 quidem
673 1171 788 1223 censu
802 1147 951 1246 plenius
969 1147 1182 1245 persolven-

73 1245 142 1359 dp,
174 1247 223 1318 ad
242 1246 463 1345 petitionem
481 1247 692 1348 hospitalis,
720 1248 894 1323 dominus
912 1271 1040 1322 comes
1058 1249 1182 1322 llano·

74 1345 229 1420 niensis
249 1348 347 1446 apud
366 1349 602 1424 Montensem
628 1349 829 1425 ecclesiam
848 1348 1017 1423 obsidem
1035 1372 1077 1422 se
1096 1373 1182 1423 con·

75 1445 217 1520 stituit.
251 1448 384 1536 Unde
374 1448 493 1548 lpsius
511 1450 709 1549 hospitalis
728 1452 802 1526 frat
787 1461 864 1525 tres
883 1449 1034 1524 domino
1054 1448 1181 1524 comiti

77 1557 119 1622 et
139 1547 310 1647 predicto
326 1561 407 1623 cast
392 1551 531 1625 tellano
547 1551 780 1650 quarundam
798 1551 1001 1624 missarum
1019 1535 1182 1624 celebra·

76 1647 228 1722 tionem
253 1649 503 1724 exhibendam
525 1662 707 1750 perpetuo
733 1650 1007 1766 promiserunt,
1034 1652 1079 1726 de
1104 1651 1182 1749 qui·

81 1743 185 1822 bu's'
175 1773 214 1842 ιιι
233 1749 547 1848 subsequentibus
566 1751 715 1850 plenius
733 1751 912 1826 dicemus.

160 1849 204 1924 ln
227 1850 357 1926 diebus
379 1850 453 1925 illis
477 1875 605 1926 comes
624 1851 911 1949 Ηιιιιοιιιιιιιειι,
922 1850 1090 1925 marchio
1112 1852 1181 1924 Na·

83 1950 299 2026 murcensis
329 1977 416 2026 cum
447 1953 542 2026 duce
567 1952 810 2050 Louaniensi,
837 1967 931 2026 cum·
948 1977 1021 2051 quo
1046 1953 1201 2051 longas

84 2051 274 2126 habuerat
298 2052 526 2168 discordias,
557 2079 693 2152 pacem
725 2065 762 2129 et
791 2055 898 2128 fedus
925 2052 1182 2127 indissolubile

86 2149 269 2226 firmavit
317 2153 482 2252 Contigit
516 2152 662 2252 itaque,
695 2155 794 2253 quod
829 2149 1000 2256 tempore
1036 2154 1181 2250 eodem,
1239 2213 1244 2223 .

86 2275 185 2326 anno
218 2253 362 2329 scilicet
392 2254 543 2328 Domini
571 2257 686 2352 1195,
722 2254 803 2354 ipse
835 2256 907 2328 dux
937 2253 1182 2330 Louanionsis

88 2364 218 2428 contra
245 2355 378 2429 ducem
396 2355 601 2430 Henricum
628 2356 673 2430 de
699 2355 932 2454 Lemborch,
955 2355 1183 2430 avunculum

89 2477 219 2552 suum,
247 2465 285 2530 et
310 2466 398 2530 cont
400 2482 441 2530 ra
460 2455 639 2532 comitem
664 2457 709 2530 de
735 2457 849 2532 Gelra
874 2481 919 2530 ex
943 2455 1094 2529 illorum
1122 2481 1182 2530 ex·
1290 2507 1291 2510 ,

89 2578 196 2630 cessu
216 2555 342 2632 odium
371 2567 409 2632 et
430 2581 627 2634 rancorem
651 2555 798 2654 habuit,
828 2558 924 2631 unde
943 2557 1116 2656 utrinque
1135 2557 1181 2631 ad

90 2681 264 2771 guerram
289 2669 576 2733 convenerunt.-
609 2657 799 2732 Dominus
817 2665 944 2732 autem
963 2682 1091 2732 comes
1109 2659 1182 2732 lla·

91 2756 290 2854 noniensis,
318 2759 487 2831 marchio
506 2759 774 2833 Namurcensis
801 2758 945 2833 eteius
950 2757 1073 2832 lilius
1100 2747 1182 2832 Bal·

16 2881 18 2886 ’
94 2854 224 2929 duinus
256 2880 384 2930 comes
414 2851 589 2932 Flandrie
619 2859 665 2932 ad
690 2859 910 2959 petitionem
936 2859 1042 2933 ducis
1064 2859 1183 2932 Lova·
1226 2913 1229 2918 -
1290 2897 1292 2900 ·

95 2954 230 3031 niensis
261 2956 297 3030 ei
329 2957 509 3032 auxilium
544 2970 675 3034 contra
709 2961 839 3035 hostes
874 2962 1044 3035 lecerunt
1075 2971 1113 3034 et
1144 2959 1182 3033 in

16 3065 24 3140 J
95 3056 236 3155 magnis
253 3056 395 3132 viribus
413 3083 500 3132 oum
518 3058 601 3158 ipso
621 3059 715 3133 duce
730 3059 954 3134 Lovanionsi
968 3060 1181 3133 liniectum

97 3181 204 3256 supra
222 3157 368 3233 Mosam
386 3156 540 3232 fluvium
566 3158 806 3234 transierunt
859 3159 1029 3248 Quorum
1047 3161 1182 3234 adven·

35 3329 36 3332 ,
96 3267 170 3332 tum
193 3257 230 3331 in
256 3259 370 3333 tantis
399 3259 537 3334 viribus
572 3260 703 3334 hostes
739 3252 925 3336 sustinere
952 3260 1180 3359 dubitantes,

97 3357 239 3434 illorum
266 3360 521 3436 misericordie
540 3385 582 3436 se
600 3385 756 3460 prorsus
783 3360 1047 3436 submiserunt.
1094 3362 1182 3451 Qui·

98 3460 161 3534 bus
182 3461 344 3558 peractis
363 3462 536 3536 dominus
555 3487 684 3537 comes
704 3462 967 3537 Hunoniensis
986 3488 1073 3544 cum
1101 3463 1201 3537 filio
1209 3475 1290 3532 [ιιι

99 3583 161 3634 suo
184 3560 366 3637 Balduino
402 3563 540 3638 comite
567 3563 806 3660 Flandrensi,
840 3575 878 3640 et
908 3585 993 3638 oum
1026 3565 1178 3640 domino

18 3733 19 3736 ,
101 3661 372 3762 archiepiscopo
393 3663 609 3743 Coloniensi
633 3619 806 3764 Adulphti
834 3675 873 3739 et
896 3665 1056 3740 Henrico
1084 3665 1207 3740 duce

101 3763 311 3838 Louaniensi
335 3764 381 3836 ad
401 3765 594 3839 dominum
611 3765 815 3840 Henrioum
833 3767 1122 3841 Romanorum
1112 3791 1180 3840 ιιιι-

17 3895 18 3898 *
103 3876 304 4036 peratorem
329 3866 520 3963 profectus
549 3875 625 3962 est,
662 3876 703 3939 ut
727 3891 800 3980 pro
819 3867 908 3940 filio
941 3892 1009 3942 suo
1042 3866 1180 3942 comite

17 3997 18 4066 p
128 3965 305 4042 lundrensi
347 3968 445 4066 apud
490 3920 686 4040 dominium
724 3966 992 4066 imperatorem
1028 3967 1179 4042 efficere

17 4145 18 4162 2
106 4078 315 4165 mereretur,
342 4078 384 4141 ut
407 4067 607 4142 filiuseius
626 4093 649 4142 a
667 4069 847 4150 domino'
837 4080 1065 4168 imperatore
1093 4093 1180 4184 que·

107 4166 178 4238 dam
193 4167 302 4242 feoda
311 4194 422 4267 ,qne
441 4165 600 4244 'comites
620 4169 869 4244 Flandrenses
888 4172 940 4243 ab
952 4169 1186 4269 imperatori-

17 4271 23 4290 ”
107 4268 164 4340 bus
179 4277 305 4345 tenore
321 4270 456 4370 solent,
476 4269 557 4358 sine
572 4269 792 4350 difficultate
807 4270 1000 4369 reciperet.
1029 4271 1185 4384 Veniens
