3066 4788
314 435 318 444 .
391 377 669 453 CHRONlCON
694 378 1015 454 HANONIENSE.
1200 383 1248 456 ’57

152 581 512 657 sermocinationem
536 582 646 656 multi
664 593 704 658 et
718 582 848 683 magui
865 582 935 657 viri
960 580 1110 682 signum
1128 581 1251 656 crucis

154 682 306 758 Domini
326 707 412 758 cum
430 695 579 783 arrepto
592 683 705 758 citius
719 684 852 758 itinere
867 683 936 758 sibi
952 693 1249 782 assumpserunt

153 785 196 858 ln
215 809 288 882 quo
309 783 458 882 quidem
478 785 637 860 concilio
656 785 739 886 ipse
755 785 927 860 Urbanus
946 810 1046 885 papa
1063 785 1250 858 secundus

49 911 57 928 ·
153 893 260 980 tanta
274 883 691 985 refloruitauctoritate‚
707 897 748 960 ut
761 887 883 962 eciam
892 883 1105 986 Philippum
1119 910 1251 985 regem

154 987 405 1082 Francorum,
433 986 495 1084 qui
520 988 672 1087 propria
691 1011 808 1062 uxore
828 987 960 1062 relicta
978 987 1103 1083 Bene,
1129 987 1251 1060 Ande·

156 1087 333 1187 gavensis
352 1087 524 1162 comitis¹
551 1113 706 1163 uxorem
729 1088 931 1163 Bertadam
957 1086 1026 1161 sibi
1053 1087 1251 1186 copulave-

155 1200 226 1286 rat,
253 1198 358 1264 tanta
385 1189 597 1264 constantia
623 1187 1054 1284 excommrrnicaverlt²‚.
1075 1197 1117 1261 ut
1139 1187 1252 1262 inter-

154 1289 348 1366 cessiones
372 1291 637 1388 spectabilium
663 1315 912 1390 personarum
933 1300 971 1364 et
987 1288 1251 1389 multiplicium

155 1415 356 1470 munerum
371 1391 858 1492 illationeseontempseria
872 1403 910 1466 et
920 1392 1018 1490 quod
1033 1390 1131 1463 intra
1144 1389 1253 1490 regni

156 1492 214 1566 sui
232 1492 372 1568 limites
391 1494 578 1567 demorari
597 1519 673 1567 non
692 1493 916 1569 extimuerit.
968 1491 1010 1565 ln
1033 1492 1105 1564 hoc
1125 1502 1253 1565 autem

155 1593 315 1667 concilio
336 1593 509 1667 dominus
527 1620 627 1695 papa
645 1596 796 1694 signum
813 1593 1095 1670 vociferationis
1114 1591 1252 1666 Christi

130 1733 131 1736 ¹
155 1694 328 1768 fidelibus
348 1693 468 1790 dedit,
496 1705 537 1767 ut
555 1719 642 1768 curn
662 1696 707 1768 ad
726 1697 867 1770 bellum
892 1705 1039 1791 essent,
1066 1719 1140 1766 una
1159 1716 1252 1766 voce
1310 1743 1313 1756 ·

156 1796 383 1870 clamarent:
401 1795 501 1869 Deus
517 1795 605 1892 vult,
623 1795 722 1870 Deus
740 1795 826 1870 vult.
863 1795 972 1884 Quod
987 1804 1025 1869 et
1042 1793 1094 1866 ita
1108 1795 1252 1890 factum

157 1907 225 1971 est.
254 1897 451 1971 Celebrato
472 1897 599 1995 itaque
618 1897 791 1995 concilio,
810 1921 909 1971 anuo
928 1894 1115 1982 dominice
1134 1893 1252 1968 incar-

156 1997 319 2072 nationis
342 1999 456 2094 1095,
484 2023 571 2071 cum
589 1999 697 2072 multi
716 1999 903 2098 principes
922 1997 961 2070 in
980 1995 1160 2070 auxilium
1179 1995 1252 2068 Do-

156 2097 249 2172 mini
264 2109 523 2196 properarent,
533 2097 991 2196 videlieetssoemundus³,
1001 2093 1252 2192 Tancredusl,

158 2195 1252 2298 RernunduscomessanctiEgidii‚episcopusPodiensis⁵⁷
1306 2251 1308 2260 .

157 2299 268 2396 Hugo
284 2297 467 2396 Magnus⁶
486 2299 603 2372 frater
620 2297 779 2399 Philippi
799 2298 900 2398 regis
919 2299 1162 2395 Francorum,
1181 2297 1252 2370 Ro-

157 2402 287 2474 bertus
306 2421 435 2472 comes
453 2399 750 2499 Normanorum‚
777 2401 962 2474 Robertus
982 2423 1112 2472 comes
1129 2398 1253 2472 iunior

156 2499 350 2596 Frandrie,
379 2499 558 2598 sepedicti
587 2501 735 2575 comitis
764 2501 916 2576 Roberti
940 2501 1054 2598 filins,
1074 2510 1112 2574 et
1134 2500 1255 2575 Gode·
1339 2496 1371 2522 '¹

157 2601 275 2690 fridus
299 2602 373 2674 dux
402 2600 585 2674 Bullionis
614 2627 701 2675 cum
733 2603 910 2677 fratribus
942 2602 1039 2700 sum,
1070 2601 1253 2675 Balduino

157 2701 302 2778 scilicet
334 2711 371 2777 et
400 2701 596 2800 llustacio⁷
634 2703 840 2777 Balduinus
876 2704 1089 2802 sepedictus
1126 2725 1254 2776 comes

158 2802 422 2902 Hammonem,
446 2803 634 2879 Richeldis
657 2804 770 2900 filius,
791 2803 993 2880 Godefrido
1014 2803 1098 2877 duci
1118 2813 1156 2878 et
1174 2803 1254 2878 eius

158 2904 338 2978 fratribus
357 2905 403 2977 ad
422 2905 603 2978 auxilium
622 2905 773 2979 Domini
792 2905 928 2980 eteius
947 2906 1133 2980 honorem
1152 2928 1255 2978 asso·

160 3006 279 3081 ciatus
300 3015 368 3079 est.

235 3106 439 3180 Sciendum
457 3107 555 3202 quod
575 3130 662 3178 cum
681 3105 906 3178 Godefridus
925 3107 998 3177 dux
1015 3105 1087 3178 iter
1105 3102 1256 3176 Domini

161 3208 327 3306 arripere
345 3205 619 3306 proposuisset,
639 3205 818 3279 allodium
833 3229 943 3279 suum
961 3203 1154 3304 proprium
1169 3203 1256 3276 Bul·

160 3309 323 3382 lionem⁷
341 3333 408 3406 pro
424 3309 585 3406 quadam
605 3332 754 3383 summa
771 3306 930 3407 pecunie
944 3304 1152 3405 assignavit
1163 3305 1257 3379 Leo-

146 3409 280 3488 ..diensi
300 3409 472 3506 ecclesie,
500 3411 571 3485 hac
597 3409 820 3510 interposita
846 3407 1078 3506 conditione7
1106 3405 1256 3505 quodsi
1325 3420 1328 3426 ’

161 3510 241 3585 Deo
260 3512 410 3584 volente
432 3536 519 3584 eum
537 3513 718 3587 decedere
743 3511 781 3584 in
807 3508 1068 3600 transmarinis
1086 3507 1256 3608 partibus

162 3611 409 3711 contingeret‚
428 3610 519 3684 illud
533 3612 732 3687 Leodiensi
751 3612 911 3687 ecclesie
928 3612 965 3685 in
985 3610 1257 3710 proprietatem

161 3723 395 3809 remaneret3
422 3712 570 3786 sivero
597 3739 683 3786 eum
710 3713 847 3788 reverti
873 3713 959 3786 inde
977 3706 1080 3787 Deus
1104 3711 1257 3810 permit·

162 3825 277 3912 teret,
305 3814 396 3886 illud
427 3838 496 3914 pro
524 3825 679 3913 accepta
706 3814 865 3914 pecunie
892 3837 1042 3887 summa
1070 3811 1255 3886 redimere

164 3951 189 4022 l)
209 3951 345 4005 Falconis.
418 3950 446 4022 2)
467 3948 498 4006 V.
514 3967 622 4024 quoque
632 3949 761 4004 Bernoldi
772 3949 865 4004 chron.
878 3947 927 4006 SS.
939 3950 971 4007 V.
982 3969 1006 4020 p.
1017 3948 1072 4002 464
1088 3951 1120 4001 ed
1133 3965 1157 4001 o.
1170 3946 1255 4012 1095;

164 4025 212 4080 clr.
232 4042 340 4096 quoque
353 4022 436 4088 Brial‚
457 4028 491 4078 de
510 4024 648 4094 repudiata
662 4022 742 4078 Berta
762 4024 863 4094 regina,
883 4025 910 4078 in
929 4021 1093 4094 praelatione
1106 4019 1257 4076 Collectio-

161 4099 205 4152 nir
218 4097 420 4169 Bouquetionae
429 4096 507 4152 Tom.
518 4096 593 4152 xvl.
668 4097 694 4166 31
713 4098 784 4151 lilius
795 4097 905 4152 Roberti
918 4096 1070 4153 Goiscardi.
1136 4095 1163 4167 4)
1183 4099 1255 4160 item,

164 4182 255 4242 postca
276 4173 400 4243 princeps
413 4170 604 4241 Tripolitanos.
678 4170 704 4240 5)
724 4171 885 4227 Ademarus.
960 4170 985 4242 6)
1004 4186 1095 4224 comes
1111 4167 1258 4232 Viromao-
1329 4210 1331 4214 -

164 4246 235 4302 niae.
310 4246 337 4318 7)
356 4243 493 4300 Bouillon.
969 4254 974 4265 '
