3002 4790
339 383 618 461 canonicor
644 384 965 482 nnnonrnnsu.
1008 364 1012 370 '
1126 377 1204 463 arr·

80 591 185 663 <lem
206 611 334 662 coram
354 587 490 668 comite
503 588 724 664 Flandrensi
744 598 781 661 et
794 587 1026 664 Hauoniensi
1045 598 1083 660 et
1101 596 1287 668 mar-1192·

43 697 47 704 '
80 689 234 762 chione
253 689 500 764 Namurcensi
519 701 556 762 et
576 713 702 764 coram
718 690 884 772 Gerardo
905 689 1041 762 comite
1060 692 1106 763 de
1121 689 1194 762 Lon
1207 669 1308 728 Μ’·

81 789 300 889 multisque
319 790 401 865 aliis
415 800 493 864 tam
509 789 655 865 clericis
675 815 788 890 quarn
807 789 923 885 laycis
943 789 1077 863 iuravit
1093 789 1193 867 ide'm

85 893 196 989 quod
224 891 378 968 Colonia
407 902 444 965 et
470 891 597 968 Leodii
626 915 740 991 super
765 891 979 970 innocentia
1004 914 1073 984 sua
1097 890 1193 964 iura·
1265 953 1269 964 ,

85 1003 215 1067 verat.
272 993 414 1067 Deinde
439 993 563 1092 ipsum
592 994 768 1068 comitem
794 991 1075 1066 Hanoniensem
1100 1002 1194 1066 tam-

85 1118 209 1191 quam
228 1091 380 1169 fidelem
408 1119 517 1171 suum
538 1094 695 1192 monuit,
723 1104 764 1167 ut
781 1118 869 1166 eum
894 1093 1039 1166 iuvaret
1065 1103 1194 1168 contra
1291 1133 1294 1136 ·

83 1197 229 1268 ducem
250 1194 541 1292 lovaniensem,
561 1197 623 1293 qui
643 1197 677 1269 ei
695 1194 905 1270 hominium
921 1203 959 1267 et
974 1191 1192 1268 fidelitatem

83 1296 249 1393 lecerat,
268 1306 357 1368 tunc
376 1307 517 1394 autem,
537 1306 753 1395 contempto
773 1295 938 1369 hominio
959 1305 996 1368 et
1014 1293 1192 1369 fidelitate

50 1397 54 1404 ’
86 1395 319 1495 postposita,
348 1397 382 1471 ei
400 1397 674 1494 inimicabatur,
700 1407 739 1470 et
751 1400 802 1470 ab
822 1421 867 1470 eo
886 1405 1048 1471 mortem
1066 1395 1191 1470 fratris

84 1498 148 1570 sui
170 1497 393 1595 requirebat.
430 1501 567 1575 Comes
587 1497 985 1598 aulem,audientibus
1004 1497 1190 1570 universis

86 1607 170 1672 tem
201 1598 346 1671 clericis
382 1625 493 1712 quam
521 1601 660 1696 laycis,
695 1599 767 1698 ipsi
800 1599 976 1672 Lotbario
1013 1598 1191 1671 arrxilium

86 1709 287 1796 tamquam
307 1702 456 1772 domino
477 1724 545 1774 suo
567 1700 749 1797 promisit,
777 1700 826 1772 ita
846 1701 1012 1798 inquam,
1042 1699 1193 1797 quodsi

87 1802 163 1873 dux
182 1800 432 1874 Lovaniensis
452 1801 488 1872 in
510 1801 769 1899 episcopatum
795 1799 1027 1897 insurgeret,
1054 1799 1191 1898 etipse

88 1900 292 1976 Lotharius
316 1912 445 1974 contra
465 1905 599 1974 ducem
621 1901 825 1976 exercitum
845 1918 1192 1976 suumcommove-
1265 1911 1271 1920 “

87 2013 161 2096 ret,
189 2002 273 2100 ipse
292 2027 421 2082 comes
448 2027 532 2076 curn
552 2001 691 2075 viribus
712 2002 848 2076 suiset
872 2002 1133 2100 episcopatum
1153 2013 1192 2074 ct

89 2102 283 2175 dominum
318 2129 427 2178 suum
459 2100 588 2176 contra
616 2106 750 2177 ducem
777 2103 952 2176 iuvaret
982 2101 1198 2177 Consilium

90 2214 219 2278 autem
247 2206 347 2278 dedit
371 2229 499 2277 comes
525 2205 683 2282 domino,
702 2205 897 2300 Lothario,
918 2213 970 2290 ut
998 2203 1194 2276 incastris

39 2341 47 2354 ⁴
91 2304 170 2378 suis
191 2315 401 2378 moraretur
420 2315 457 2379 et
475 2303 522 2378 ibi
542 2328 700 2378 securus
728 2328 772 2377 se
798 2305 969 2402 haberet,
995 2307 1115 2377 donec
1140 2303 1190 2377 vi-

91 2407 198 2479 deret
211 2405 297 2503 quid
312 2409 386 2480 dux
400 2405 649 2479 Lovaniensis
669 2415 799 2479 contra
819 2429 905 2478 eum
925 2406 1052 2478 lacere
1070 2405 1191 2478 inten-

90 2510 207 2603 deret,
227 2518 265 2579 et
284 2507 412 2580 missis
432 2507 593 2604 nunciiS,
612 2507 700 2582 viris
720 2507 904 2604 discretis,
929 2510 974 2579 ad
994 2507 1188 2582 dominum

90 2608 370 2707 imperatorem,
399 2609 479 2682 eius
500 2608 698 2682 consilium
725 2618 984 2707 exspectaret,
1012 2633 1084 2705 que
1111 2607 1188 2706 qui·
1254 2691 1256 2698 Ι

90 2712 175 2782 dem
196 2709 321 2781 omnia
341 2709 396 2781 sic
415 2720 453 2782 et
470 2711 597 2782 lacere
617 2720 655 2782 et
677 2709 866 2783 sustinere
885 2709 968 2816 ipse
986 2709 1186 2781 Lotbarius

92 2808 216 2881 comiti
236 2809 419 2906 promisit.
491 2845 493 2850 ·
1098 2867 1101 2878 .
1210 2874 1212 2882 ,

86 2953 87 2956 =
165 2907 303 2996 Quarta
324 2920 450 2981 autem
471 2907 679 2982 dienatalis
694 2909 843 2982 Domini
862 2907 1035 2984 dominns
1054 2918 1298 3002 comestum·

92 3033 176 3090 curn
194 3012 289 3081 duce
307 3008 533 3082 Lovaniensi
561 3012 607 3082 ad
632 3011 859 3106 peticionem
885 3010 1005 3108 ipsius
1025 3010 1129 3083 ducis
1147 3011 1186 3082 in

94 3110 279 3202 Hasbanio
299 3110 524 3207 colloquium
544 3110 684 3183 habuit.
704 3124 705 3128 ’
725 3109 778 3184 lbi
796 3113 870 3183 dux
890 3109 1066 3184 comitem
1091 3119 1186 3182 tam-

93 3235 203 3309 quam
230 3211 482 3310 propinqunm
511 3221 549 3284 et
576 3210 900 3308 consanguineum
922 3235 1039 3292 ¹suum
1066 3210 1186 3283 distri-

12 3337 13 3345 ¹
94 3311 184 3385 otius
205 3312 360 3408 monuit,
375 3323 419 3384 -ut
438 3312 474 3384 in
495 3323 616 3385 morte
636 3312 759 3385 fratris
779 3311 836 3386 sui
858 3311 1076 3385 vindicanda
1097 3335 1184 3384 eum

93 3413 245 3487 iuvaret.-
297 3415 403 3488 Unde
422 3437 551 3488 comes
571 3413 778 3511 respondit,
805 3416 903 3511 quod
928 3413 1183 3510 ipse-paratus

96 3524 171 3587 erat
186 3538 272 3586 eum
287 3514 429 3608 iurare,
449 3515 555 3588 salva
568 3515 746 3588 fidelitate
763 3515 999 3588 dominorum
1017 3538 1183 3589 suorum.
1231 3605 1234 3611 1

82 3615 243 3690 Dicebat
262 3626 387 3708 autem
408 3618 493 3712 dux,
516 3619 611 3713 quod
632 3616 865 3715 episcopatui
884 3615 1083 3689 Leodiensi
1103 3617 1183 3690 nnl-
1306 3611 1309 3618 ’

12 3763 14 3772 ·
94 3717 164 3796 lum
185 3717 329 3790 malum
343 3716 482 3790 inferre
500 3717 663 3812 volebat,
682 3718 750 3791 sed
769 3720 946 3790 domnum
964 3717 1183 3792 Lotbarium

95 3818 279 3890 inimicum
307 3842 416 3891 suum
437 3819 633 3892 mortalem
654 3842 741 3892 esse
756 3817 916 3892 dicebat.
961 3821 1098 3893 Comes
1118 3842 1183 3902 au·

96 3929 164 3992 tem
184 3943 206 3992 a
225 3918 408 4016 colloquio
427 3918 488 3991 illo
516 3923 715 4009 recedens,
742 3919 892 3992 dominu
911 3917 1086 3992 Lothario
1113 3942 1183 4015 per

98 4043 178 4094 suos
204 4019 335 4094 fideles
362 4031 398 4093 et
421 4037 490 4118 per
507 4019 638 4094 fideles
658 4019 776 4119 ipsius
794 4019 958 4093 Letharii
978 4019 1182 4116 mandavit,

98 4132 134 4192 ut
155 4120 191 4192 in
220 4121 353 4194 castris
382 4121 461 4194 suis
489 4133 938 4220 moraretur„quousque
966 4120 1109 4194 videret
1135 4123 1182 4193 ad

12 4247 26 4312 p
99 4246 201 4322 quern
228 4221 343 4296 linem
363 4246 425 4296 res
445 4223 516 4297 ista
535 4223 741 4320 deveniret,
769 4221 1022 4296 etconsilium
1042 4220 1183 4296 domin-i
1218 4226 1220 4234 ’
