3066 4788
297 396 345 468 92
708 388 987 463 GlSLllBERTl

297 590 484 690 gularium
513 590 780 664 canonicorum
806 587 1107 687 transmutavit¹,
1135 601 1172 664 et
1197 615 1265 664 eos
1285 615 1306 664 a
1326 612 1397 665 sua

298 691 545 790 emancipans
564 689 819 786 institutione,
844 694 1018 765 abbatem
1048 689 1104 764 eis
1128 692 1306 789 prefecit3
1334 692 1398 808 qui

298 793 475 894 operibus
508 793 616 866 bonis
647 746 886 905 inherentes,
922 792 1021 889 apud
1054 791 1223 866 eiusdem
1250 792 1398 866 comitis

296 893 416 966 lilium
443 892 666 967 Balduiuum
693 902 731 965 et
755 890 836 966 eius
860 915 1017 965 uxorem
1036 891 1289 990 Margaretam
1314 917 1399 991 gra·

290 995 389 1068 tiam
404 1004 442 1066 et
455 992 747 1066 familiaritatem
763 994 988 1088 habuerunt,
1007 1001 1045 1064 et
1062 992 1224 1066 honeste
1239 995 1399 1068 vivendo

297 1099 395 1170 bona
416 1093 577 1168 ecclesie
597 1117 666 1168 sue
685 1103 1039 1191 augmentaverunt.
1247 1113 1251 1119 ·
1347 1128 1350 1132 ·

254 1199 255 1204 ’
372 1194 577 1268 Balduinus
605 1193 715 1267 miles
743 1219 863 1268 novus
883 1194 1042 1266 audiens
1061 1193 1199 1266 multos
1218 1193 1255 1266 in
1274 1193 1400 1266 Hanc·

298 1295 360 1368 nia
379 1296 483 1368 fures
503 1305 542 1368 et
560 1294 727 1367 latrones
746 1294 985 1389 commorari,
1015 1293 1077 1392 qui
1100 1296 1146 1366 de
1172 1292 1405 1368 confidentia.

298 1396 503 1468 multorum
531 1405 741 1494 potentum,
769 1397 814 1468 ad
839 1418 934 1492 quos
954 1393 1150 1492 sanguinis
1169 1394 1267 1467 linea
1288 1395 1401 1492 perti·

298 1499 452 1593 nebant
465 1496 503 1568 in
520 1495 628 1568 malis
643 1495 821 1593 operibus
836 1495 964 1567 vivere
980 1519 1054 1567 non
1071 1495 1299 1590 dubitabant
1314 1495 1399 1568 illos

298 1597 436 1710 ubique
468 1595 730 1694 perquirebat
762 1605 968 1694 captosque
1000 1620 1096 1693 quos
1125 1595 1287 1668 infames
1317 1619 1400 1691 per-

301 1697 481 1794 cipiebat,
508 1700 691 1795 quosdam
718 1700 976 1795 suspendens,
1013 1696 1139 1769 alios
1129 1719 1218 1793 igne
1246 1719 1400 1768 concre-

190 1808 230 1860 'l
243 1807 288 1861 26
283 1822 424 1893 mans,
443 1800 626 1895 quosdam
643 1820 733 1870 vero
749 1797 855 1894 aquis
876 1801 1141 1894 submergens,
1159 1796 1282 1870 alios
1292 1795 1398 1870 vivos

301 1899 514 1996 sepeliens,
546 1897 636 1970 nulli
669 1922 800 1971 eorum
831 1922 899 1996 pro
926 1922 1066 1995 magna
1091 1897 1289 1996 parentela
1315 1921 1400 1996 par·

301 1999 447 2073 cebat2.
488 1999 575 2096 lpse
602 2008 729 2072 autem
755 1998 961 2072 Balduinus
989 1998 1098 2072 miles
1126 2021 1247 2072 novus
1274 2007 1399 2070 torna-

299 2110 429 2172 menta
456 2101 592 2196 ubique
618 2097 855 2212 perquirens,
882 2123 1142 2212 quoscumque
1166 2108 1314 2212 poterat
1331 2097 1400 2170 mi-

299 2200 386 2274 lites
414 2203 552 2298 probos
579 2199 783 2298 magnique
811 2199 974 2272 nominis
1002 2199 1071 2272 sibi
1098 2200 1223 2273 socios
1244 2208 1281 2272 et
1300 2222 1399 2271 com-

300 2299 490 2374 militones
523 2301 760 2398 adiungebat.
812 2300 856 2373 Et
888 2325 972 2373 cum
1004 2311 1125 2415 pater·
1144 2301 1226 2374 eius
1251 2310 1290 2371 et
1315 2299 1400 2412 ipse

302 2425 509 2499 eorumque
524 2401 698 2475 homines
714 2427 735 2473 a
751 2398 1014 2497 potentissimo
1030 2400 1165 2474 comite
1179 2399 1399 2474 Flandrensi

303 2511 341 2574 et
358 2500 644 2574 viromandensi
664 2501 802 2573 eteius
822 2500 1034 2575 hominibus
1054 2501 1180 2576 odium
1206 2513 1245 2574 et
1271 2525 1401 2574 ranco-

300 2625 383 2674 rem
403 2601 601 2698 minasque
621 2601 750 2699 sepius
769 2600 966 2698 haberent,
986 2602 1140 2700 contigit
1157 2603 1256 2676 inter
1274 2613 1401 2675 cetera

289 2713 539 2786 ¹tornamenta
567 2725 640 2800 que
667 2701 871 2775 balduinus
899 2705 1160 2800 perquirebat,
1192 2705 1290 2801 quod
1317 2702 1400 2775 Phi·

300 2803 425 2899 lippus
442 2826 571 2876 comes
584 2803 824 2876 Flandrensis
840 2814 877 2875 et
891 2803 1198 2878 Viromandensis
1213 2805 1398 2901 quosdam

300 2903 466 2977 Francos
497 2913 627 2976 contra
654 2926 697 2976 se
724 2906 769 2976 ad
797 2914 1077 2977 tornamentum
1109 2909 1207 2978 inter
1234 2901 1399 2977 Gornai³

303 3014 339 3077 et
357 3001 542 3078 Rissuns⁴
559 3003 740 3078 invitavit.
783 3004 950 3079 Audiens
970 3016 1097 3080 autem
1116 3005 1320 3078 balduinus
1340 3027 1399 3076 co-

300 3105 431 3179 mitem
450 3106 621 3180 Flandrie
640 3105 677 3178 in
697 3106 846 3203 magnis
866 3106 1006 3182 viribus
1026 3107 1228 3179 multorum
1255 3103 1401 3180 scilicet

300 3210 503 3306 proborum
515 3207 673 3281 militum
689 3220 727 3280 et
740 3207 987 3281 servientium
1003 3207 1169 3306 equitum
1184 3217 1222 3280 et
1233 3206 1400 3304 pediturn

301 3310 347 3380 ad
374 3317 653 3380 tornamentum
678 3307 766 3379 illud
790 3317 1012 3403 venturum,
1040 3307 1211 3406 quamvis
1241 3329 1401 3380 consue·

300 3408 390 3478 tudo
411 3418 516 3480 esset
533 3407 692 3478 militnm
710 3406 1009 3480 llanoniensium
1028 3406 1066 3479 in
1086 3407 1333 3481 tornamentis
1361 3406 1400 3477 in

301 3506 385 3577 loco
412 3505 474 3578 illo
503 3505 706 3579 nominatis
732 3530 817 3579 cum
841 3507 1131 3584 Flandrensibus
1150 3519 1189 3581 et
1204 3508 1400 3581 Viroman-

304 3723 330 3792 1)
355 3724 437 3795 paulo
456 3733 517 3778 ante
536 3743 559 3780 a.
582 3722 661 3790 1141,
685 3732 715 3778 nt
740 3741 771 3778 er
798 3725 863 3796 dipl.
883 3721 989 3778 Nicolai
1013 3725 1094 3796 episc.
1115 3723 1319 3783 Cameracensis
1344 3723 1397 3795 lap.

301 3797 434 3853 llliraeum
450 3797 469 3864 l,
484 3797 546 3867 690)
566 3807 688 3867 apparet:
708 3801 845 3854 ecclesiam
863 3802 952 3854 suncti
968 3800 1076 3854 loannis
1091 3800 1220 3868 baptistae
1239 3801 1399 3856 l'olcntr'onr‘s

301 3877 380 3927 silom
397 3873 446 3926 sub
464 3873 556 3957 recolo
575 3869 645 3925 beati
661 3871 811 3942 ι,1191111111
830 3875 964 3928 modernis
982 3873 1140 3941 temporibus
1158 3871 1253 3928 oblate
1271 3880 1297 3927 et
1314 3887 1400 3940 repu-

302 3947 402 4000 lerilua
421 3948 555 4000 cononicis
573 3945 723 3998 ordinatum
729 3943 917 4014 ‚amplificare
936 3947 1121 4012 decernentes,
1139 3953 1263 4014 suscepto
1281 3959 1399 3999 vermo-

300 4017 362 4073 bila'a
377 4016 476 4086 [rolris
493 4019 579 4074 nostra·
598 4015 786 4086 claremboldi,
809 4023 888 4085 primi
905 4020 1021 4074 neodem
1039 3987 1168 4074 scuteliae
1185 4019 1302 4088 abbatie,
1325 4021 1400 4084 pelt-

302 4095 373 4145 lr'oac
392 4101 442 4144 etc.
533 4090 562 4160 2)
582 4087 626 4144 Cl.
646 4087 828 4145 lacobumde
848 4089 958 4151 Guisia,
984 4091 1028 4153 ed.
1047 4088 1136 4144 Fortia
1156 4089 1220 4156 Xll,
1242 4059 1395 4142 177-183.

302 4161 329 4231 3)
356 4157 493 4289 Goirppaly
507 4180 590 4234 prope
610 4159 809 4233 Compidgne'
801 4182 829 4218 m
854 4165 952 4218 ducatu
971 4160 1010 4216 Le
1031 4161 1133 4218 Valois.
1226 4163 1254 4235 l)
1278 4161 1400 4218 Ressons

303 4252 349 4288 sur
368 4235 394 4288 le
444 4251 483 4289 as
