3118 4786
378 431 657 506 CHRONlCON
685 426 1007 507 Halvo'nlmvsn
1174 436 1259 508 117·

218 635 326 708 Anno
346 634 495 711 Domini
516 639 623 710 1179.
643 634 857 733 sepedictus
877 657 1006 708 comes
1028 632 1241 705 Hanonien·
1254 648 1335 736 tlte.

144 735 212 828 sis,
230 734 417 808 dominica
436 746 524 833 post
549 739 814 810 ascensionem
837 735 1008 834 Domini,
1035 735 1071 806 in
1091 721 1317 849 Trecis¹{¹,⁸¹·

144 837 313 933 civitate,
341 857 427 908 cum
454 835 616 917 Henrico
644 836 763 934 ipsius
791 836 951 910 civitatis
977 835 1113 909 comite
1141 835 1243 932 pala·
1291 835 1298 849 '

142 937 221 1009 tino
238 937 509 1010 conventiones
525 935 863 1034 matrimoniorum,
883 961 977 1034 quas
996 936 1100 1034 prius
1115 954 1244 1008 comos

5 1073 7 1080 ·
141 1037 170 1110 F
171 1036 313 1110 landrie
329 1061 415 1110 curn
428 1037 491 1109 illo
506 1035 736 1132 firmaverat,
751 1037 895 1110 scilicet
906 1041 952 1110 de
963 1037 1151 1110 Elisabeth
1168 1034 1246 1108 filia-

142 1138 289 1212 comitis
308 1137 563 1212 Hauoniensis
587 1147 626 1210 et
643 1139 689 1211 de
708 1137 873 1212 Henrico
893 1136 967 1209 lilio
988 1137 1135 1210 comitis
1154 1137 1244 1209 Tre-

143 1239 289 1332 censis,
326 1239 388 1336 qui
421 1238 626 1336 vulgariter
651 1262 780 1312 comes
807 1239 1012 1336 Campanis
1038 1236 1243 1333 dicebatur,

129 1350 181 1414 'et
199 1342 244 1411 de
263 1337 338 1412 filis
357 1338 478 1438 ipsius
499 1339 644 1412 comitis
663 1339 816 1413 Henrioi
830 1339 947 1412 Maria
967 1341 1068 1412 etde
1088 1335 1163 1410 filio
1184 1361 1244 1409 co-

141 1439 241 1514 mitis
260 1439 431 1512 Hanonie
450 1439 631 1514 Balduino
656 1439 879 1539 recognovit
903 1451 940 1512 et
965 1439 1111 1512 iuravit.
1155 1439 1242 1536 lpsa

5 1607 7 1612 ,
142 1552 270 1614 autem
293 1541 353 1614 die
377 1540 493 1612 Maria
511 1540 664 1614 Henrioi
689 1542 837 1615 comitis
857 1565 951 1612 uxor
968 1540 1107 1614 ibidem
1124 1539 1241 1612 filium

140 1640 290 1742 peperit
307 1627 575 1713 Theobaldum.

151 1783 157 1788 ·
216 1743 358 1814 Eodem
387 1763 508 1836 anno,
541 1750 713 1838 tempore
743 1740 998 1838 autumpnali,
1035 1740 1242 1834 Gerardus',

143 1841 289 1916 comitis
306 1840 558 1914 Hanoniensis
577 1841 693 1913 frater
712 1844 777 1914 sed
798 1865 872 1912 non
892 1863 1113 1937 germanus,
1133 1838 1242 1910 miles

140 1946 282 2040 probus
303 1953 340 2015 et
359 1942 567 2039 animosus,
586 1941 643 2013 vir
661 1943 860 2036 honestus,
880 1943 1082 2014 admodum
1102 1940 1185 2037 pius
1206 1948 1244 2011 et

140 2045 341 2140 benignus,
368 2043 556 2116 Montibus
574 2041 792 2116 infirmitate
819 2052 1050 2139 aggravatus
1071 2065 1091 2113 a
1112 2040 1242 2113 seculo

142 2141 338 2240 migravit,
367 2144 472 2216 ouius
494 2168 630 2241 corpus
654 2144 691 2216 in
715 2143 945 2216 monasterio
966 2146 1075 2215 beate
1095 2141 1243 2214 Walde-

140 2243 259 2317 trudis
279 2243 469 2340 sepultum
488 2244 567 2315 fuit.

217 2344 359 2415 Eodem
379 2367 477 2416 anno
497 2343 601 2417 Cono
617 2365 746 2415 comes
761 2340 1052 2416 Suessionensis
1073 2351 1109 2414 et
1127 2339 1244 2414 domi·

141 2467 213 2517 nus
237 2442 383 2540 Nigelle
410 2454 447 2515 et
473 2443 648 2516 dorninus
675 2442 911 2540 Petrepontis
937 2442 1242 2539 castellanosque

140 2543 363 2642 Brugensis‘
382 2568 402 2616 a
418 2545 547 2617 seculo
563 2543 749 2641 migravit.
783 2543 849 2619 Cui
864 2541 901 2614 in
916 2543 1081 2617 dominio
1096 2541 1342 2640 digniores.

5 2719 6 2724 ,
143 2657 180 2720 et
201 2645 413 2718 castellaria
437 2645 623 2743 Brugensi
647 2645 835 2718 lohannes
855 2643 972 2716 frater
991 2645 1071 2717 eius
1091 2667 1246 2716 succes·

142 2747 203 2842 sit,
222 2745 441 2843 Radulphus
458 2746 553 2819 alius
573 2745 690 2818 frater
707 2745 743 2817 in
764 2743 944 2817 comitatu
959 2744 1243 2836 Suessionensi,

142 2845 349 2920 dominium
365 2856 491 2919 autem
506 2845 744 2943 Petrepontis
760 2845 874 2919 castri
892 2848 938 2919 ad
957 2845 1076 2942 ipsius
1093 2844 1241 2918 comitis

143 2969 300 3020 uxorem
319 2947 527 3044 Agatham,
554 2955 749 3043 tamquam
772 2970 840 3019 sua
859 2946 1065 3040 hereditas,
1091 2944 1243 3042 proprie

120 3046 309 3140 devenit,
338 3070 411 3142 que
429 3057 564 3144 postea
581 3046 706 3143 ipsum
728 3056 892 3118 castrum
920 3055 956 3116 et
982 3047 1123 3116 maiora
1144 3049 1240 3117 bona

143 3171 210 3222 sua
232 3169 306 3217 non
323 3145 416 3218 satis
431 3147 636 3243 prudenter
650 3155 688 3217 et
702 3145 862 3217 honeste
877 3145 1052 3237 vivendo,
1070 3142 1241 3240 Philippo

140 3246 222 3343 regi
241 3247 469 3318 Francorum
490 3244 665 3318 vendidit.

218 3347 356 3419 Eodem
376 3370 474 3418 anno
494 3345 643 3419 Domini
669 3346 775 3421 1179.
794 3341 1006 3416 Ludovicus
1025 3342 1241 3440 sepedictus
1252 3353 1353 3413 Noui.

141 3449 371 3522 Francorum
385 3471 452 3520 rex
465 3445 583 3520 lilium
599 3470 709 3520 suum
725 3444 877 3516 unicum
888 3443 1114 3542 Philippum,
1128 3467 1242 3542 quem

142 3551 188 3622 de
208 3548 324 3620 tercia
344 3571 460 3620 uxore
477 3573 544 3621 sua
559 3548 689 3643 Adcla,
708 3544 885 3619 Willelmi
900 3545 1102 3619 Remensis
1121 3545 1242 3618 archi-

142 3648 310 3747 episcopi
330 3658 367 3720 et
385 3647 535 3721 Henrioi
556 3658 593 3721 et
616 3647 820 3721 Theobaldi
848 3656 885 3718 et
912 3645 1094 3744 Stephani
1128 3647 1242 3718 comi-

5 3809 9 3831 ,
140 3759 221 3822 tum
251 3773 400 3846 sorore,
433 3749 615 3845 habebat,
653 3747 759 3822 senio
790 3758 826 3820 et
856 3747 1023 3844 corporis
1051 3747 1241 3822 debilitate

143 3849 283 3946 gravis,
315 3849 443 3923 Remis
470 3849 507 3920 in
536 3847 740 3922 festivitate
764 3847 933 3922 omnium
958 3847 1241 3921 sanctorumin

141 3973 272 4048 regem
290 3949 460 4023 coronari
476 3951 572 4023 lecit.
604 3952 658 4022 hd
673 3950 745 4023 hoc
760 3959 1071 4022 coronamentum
1088 3958 1125 4021 et
1138 3947 1242 4045 regis

143 4054 326 4147 edictum,
354 4075 439 4124 cum
459 4075 594 4124 omnes
613 4049 768 4123 Francis
786 4049 976 4148 principes
1004 4051 1242 4145 accederent,

143 4150 335 4249 Philippus
354 4152 526 4225 Flandrie
546 4162 584 4225 et
600 4150 841 4223 Viromandis
870 4173 1000 4223 comes
1026 4148 1246 4246 potentissi-

142 4278 167 4347 1)
187 4276 298 4348 Troyes.
