3118 4786
330 423 401 494 1110
472 419 473 422 ’
622 410 625 416 ’
738 415 1014 494 slsussuttn

235 620 427 694 tresviros
446 622 492 693 ad
511 619 811 694 subveniendum
825 619 896 717 ipsi
914 617 1046 717 regine
1064 617 1263 716 animavit,
1280 617 1435 694 scilicet

326 720 539 794 Robertum
555 719 733 794 comitem
754 721 801 793 de
818 719 953 795 braina
957 717 1088 818 ,regis
1106 718 1338 793 Francorum
1359 743 1438 834 pa·

324 829 474 918 truum,
506 831 544 894 et
570 821 651 894 eius
675 819 797 917 filios,
828 819 1034 894 Robertum
1058 818 1204 892 scilicet
1225 819 1271 900 de
1292 818 1429 893 Drecis

325 876 503 994 comitein
531 931 569 995 et
598 920 812 1019 Philippum
843 919 1064 1033 episcopum
1088 917 1360 993 belvacensem
1388 929 1435 994 et

324 1021 530 1096 Henricum
558 1020 778 1120 episcopum
796 1019 1126 1117 Aurelianensem,
1155 1042 1317 1116 quorum
1335 1043 1434 1094 con·

325 1121 419 1196 siliis
437 1121 782 1238 intervenientibus,
802 1120 976 1193 dominus
994 1145 1061 1194 rex
1080 1143 1104 1194 a
1120 1120 1223 1192 malo
1241 1120 1426 1196 recedens

274 1227 276 1231 ’
324 1223 538 1321 proposito,
566 1246 682 1321 super
707 1222 780 1294 hoc
807 1220 1003 1315 sustinuit,
1035 1219 1139 1294 sed
1129 1219 1201 1320 ipsi
1227 1219 1359 1318 regine
1385 1218 1425 1292 in

324 1325 436 1396 tlroro
456 1333 494 1397 et
511 1323 635 1396 debito
655 1320 845 1436 coniugali
864 1344 940 1394 non
958 1321 1273 1396 communicabat.

401 1423 542 1496 lterum
569 1422 750 1496 suscitate
778 1431 865 1495 sunt
892 1419 1079 1495 discordie
1106 1421 1219 1496 inter
1229 1419 1433 1494 dominum

324 1547 455 1621 regem
474 1523 706 1596 Francorum
733 1531 771 1596 ct
796 1522 975 1596 comitem
999 1520 1173 1595 Flandrie
1198 1519 1422 1619 Philippum.

214 1639 281 1713 lp.
290 1642 314 1697 1
323 1622 695 1697 UndeannoDomini
708 1627 815 1718 1184,
824 1621 986 1696 termino
997 1621 1179 1721 paschali,
1192 1620 1424 1718 colloquium

323 1724 395 1797 luit
416 1747 535 1838 prope
557 1677 859 1838 Rothomaguin¹
879 1722 1089 1818 civitatem,
1114 1722 1152 1795 in
1172 1722 1336 1819 quodam
1359 1745 1424 1794 ne·

324 1849 408 1899 mor
410 1850 442 1922 e,
460 1825 499 1897 in
516 1823 776 1897 mansionibus
790 1825 1040 1938 quorumdam
1052 1823 1214 1896 fratrum
1228 1821 1423 1918 religionis

324 1924 667 2039 Grandismontis,
657 1935 756 1999 mter
782 1924 971 1998 seniorem
989 1923 1201 2020 Anglorum
1227 1945 1357 2019 regem
1384 1931 1426 1995 et

325 2025 503 2098 comitem
522 2025 705 2098 Flandrie.
758 2024 854 2097 Cum
873 2049 947 2121 quo
967 2023 1106 2097 comite
1125 2024 1170 2096 ad
1190 2021 1423 2118 colloquium

323 2125 428 2199 venit
459 2125 667 2198 Balduinus
704 2147 833 2198 comes
868 2123 1131 2197 Hanoniensis.
1184 2122 1263 2196 Rex
1295 2132 1423 2195 autem
1540 2125 1541 2176 ἐ

252 2236 255 2241 ’
323 2225 534 2325 Anglorum
554 2251 599 2300 ex
621 2235 729 2324 parte
747 2223 849 2322 regis
867 2223 1100 2298 Francorum
1119 2249 1141 2296 a
1159 2223 1299 2297 comite
1316 2222 1424 2313 Flan
1440 2240 1463 2287 ι

324 2326 404 2400 drie
417 2327 633 2424 requirebat
648 2336 689 2398 ut
703 2335 828 2399 castra
841 2325 981 2398 Torota
997 2335 1034 2398 et
1048 2322 1298 2397 Curisiacum
1288 2347 1327 2394 ιιι
1345 2346 1423 2394 ma·

321 2451 393 2499 nus
409 2428 569 2502 fratrum
588 2425 794 2524 Hospitalis
810 2425 1156 2520 committerentur,
1183 2425 1272 2495 dum
1292 2445 1421 2496 comes

321 2526 496 2598 Flandrie
514 2525 676 2619 viveret,
706 2534 787 2596 tota
812 2534 940 2598 autem
968 2524 1040 2598 alia
1064 2537 1164 2600 terra
1182 2522 1423 2597 Viromandis

323 2624 451 2698 comiti
470 2623 642 2697 Flandrie
667 2648 736 2722 per
761 2647 894 2697 omnes
912 2625 1069 2698 Francie
1095 2624 1305 2723 principeS,
1332 2626 1421 2696 dum

320 2727 522 2823 virerent
505 2726 669 2799 tenenda
694 2723 993 2798 confirmaretur.
1047 2725 1116 2798 Cui
1143 2725 1319 2840 quidem
1320 2747 1422 2796 com·

320 2781 499 2924 positiorii
512 2826 594 2938 ipse
609 2847 738 2898 comes
753 2825 1022 2921 acquievisset5
1041 2825 1154 2898 sed
1123 2847 1203 2899 erus
1217 2824 1421 2924 precipuus

319 2937 410 2999 tunc
424 2926 607 3024 temporis
621 2923 870 3021 consiliariuS,
889 2925 1049 2999 lacobus
1063 2925 1209 2998 scilicet
1222 2928 1269 2999 de
1283 2925 1420 2999 Areth-

322 3025 400 3123 niS,
430 3025 726 3122 contradicebat
755 3025 882 3099 dicens
909 3027 1008 3139 quod
1037 3025 1068 3098 si
1097 3049 1226 3100 comes
1245 3022 1419 3098 Flandrie

321 3152 438 3200 unum
457 3129 592 3226 pedem
612 3081 852 3200 Virorirandie
876 3151 958 3224 regi
949 3125 1208 3199 Francorum
1232 3126 1419 3222 relinque·

320 3238 396 3324 ret,
426 3253 501 3300 non
530 3227 745 3300 ulterius
713 3253 746 3302 er
775 3227 952 3323 serviret,
979 3250 1049 3300 nec
1075 3227 1113 3299 in
1141 3227 1222 3301 eius
1249 3225 1417 3299 hominio

320 3283 512 3423 maberet3
543 3328 684 3426 sicque,
710 3328 812 3400 nulla
837 3328 938 3400 facta
961 3349 1067 3439 pace,
1095 3350 1225 3401 comes
1245 3326 1419 3400 Flandric

321 3429 367 3501 ad
386 3383 537 3527 propria
556 3429 677 3526 rediit,
696 3438 735 3501 et
752 3451 814 3500 res
832 3427 870 3499 in
888 3425 1119 3499 contrarium
1142 3437 1417 3501 remanserunt

321 3527 459 3602 Comes
478 3539 604 3604 autem
627 3483 891 3622 Hanoniensis,
911 3551 979 3624 pro
1000 3551 1094 3624 pace
1111 3529 1301 3625 laborans,
1320 3525 1419 3600 Beti-

320 3627 487 3702 εἰιιοιιιιι2
504 3639 670 3703 castrum
688 3626 808 3722 venit,
835 3626 898 3698 ubi
917 3626 1110 3700 dominum
1133 3652 1264 3726 regern
1283 3650 1420 3702 conve·

318 3729 438 3844 niens,
457 3728 572 3803 nichil
590 3727 695 3826 pacis
708 3727 769 3800 vel
786 3682 1049 3801 induciarum
1040 3728 1191 3802 invenit.
1227 3727 1335 3801 lllinc
1354 3728 1420 3799 do-

316 3829 443 3904 minus
457 3853 586 3904 comes
601 3827 853 3901 Hanoniensis
869 3830 914 3901 ad
928 3827 1046 3902 filiam
1061 3853 1170 3904 suam
1184 3827 1418 3901 Francorum

317 3931 490 4030 reginam
513 3929 611 4029 apud
630 3927 889 4001 Pontisaram³
912 3929 1103 4027 transivit,
1130 3939 1172 4002 ut
1193 3953 1278 4002 eam
1301 3951 1415 4024 quam

315 4031 353 4102 in
368 4033 432 4103 diu
446 4054 522 4103 non
535 4029 692 4123 viderat,
710 4039 800 4102 tunc
819 4029 954 4102 saltem
973 4031 1127 4103 videret.
1180 4029 1265 4126 Ipsa
1285 4038 1415 4101 autern

316 4131 524 4228 Elizabcth,
538 4129 695 4203 illustris
704 4129 934 4203 Francorum
949 4130 1093 4228 regina,
1108 4129 1245 4203 mulier
1258 4127 1418 4202 sanctis

317 4259 343 4330 l)
363 4257 467 4314 llouen.
542 4259 571 4331 2)
589 4257 681 4331 Betis]
701 4259 728 4313 in
747 4256 786 4312 Lc
805 4255 909 4312 Volcis.
983 4257 1010 4329 3)
1029 4255 1166 4315 Pontoisr.
