3002 4790
355 415 632 520 cuuourcorv
658 387 971 492 senoniense.
1140 399 1214 493 ιιι

111 618 359 694 Flandrensis
388 621 521 692 ducem
539 618 816 692 Lovanionsem
837 618 962 691 comiti
981 615 1307 692 Hauoniensittttl.¹

119 719 215 792 satis
243 743 383 792 nocere
416 744 490 794 non
524 730 659 834 posse⁷
693 730 898 792 convocato
929 729 1087 816 utroque
1116 721 1214 816 apud

113 819 304 919 Υρι·,ιιιιι1
339 831 493 919 treugas
524 821 622 894 iuter
647 846 715 894 eos
745 845 865 919 usque
898 823 942 892 ad
979 819 1213 892 nativitatem

114 923 229 994 beate
246 874 362 994 Mairie
382 925 603 1021 composuit
656 922 760 995 Tunc
779 921 974 1036 temporis,
1000 930 1088 993 ante
1107 922 1242 994 datas·
1249 929 1324 1062 ssapc

114 1030 287 1119 treugas,
314 1023 451 1096 milites
480 1034 517 1097 et
541 1022 752 1096 servientes
773 1024 972 1137 pauciores
990 1025 1086 1120 apud
1106 1007 1278 1095 Veis-⁸

114 1145 215 1194 rem·
218 1123 346 1196 villam
389 1123 566 1198 iuribusa
587 1124 730 1196 Nivella
751 1148 796 1196 ex
815 1124 1019 1222 improviso
1035 1122 1262 1196 venienti·

115 1224 224 1296 bus
213 1249 251 1296 ιιι
278 1150 470 1297 conllictu.
463 1225 561 1324 qui
590 1225 726 1323 pognis
759 1225 910 1320 dicitur,
941 1224 1095 1298 viriliter
1121 1224 1213 1296 resi·

117 1334 283 1422 stentes,
308 1350 425 1423 equos
451 1298 523 1399 illis
547 1327 675 1424 plures
695 1327 896 1398 intersecet
898 1336 984 1422 unt,
1011 1349 1123 1424 quam
1144 1323 1213 1398 sibi

113 1424 300 1498 interfecti
321 1427 492 1500 luissent.
525 1426 660 1501 Milites
680 1427 801 1500 eciam
821 1437 859 1500 et
878 1429 1087 1501 servientes
1107 1425 1213 1499 multi

118 1524 280 1599 circiter
304 1530 375 1602 100
390 1553 409 1600 a
425 1528 568 1601 Nivella
586 1552 707 1626 usque
726 1527 875 1624 villam,
902 1551 975 1626 que
994 1527 1138 1600 Haina²
1163 1526 1214 1601 di·
1223 1541 1253 1596 ι.
1267 1538 1325 1594 7³.

114 1626 213 1700 citur
230 1651 348 1726 prope
364 1628 532 1701 Bincium
553 1631 762 1723 venientes,
782 1629 828 1702 ibi
849 1655 868 1700 a
889 1629 1067 1703 militibus
1087 1653 1155 1700 sex
1176 1638 1213 1700 et

116 1727 265 1801 rusticis
292 1727 384 1802 satis
411 1729 617 1804 inermibus
644 1730 774 1826 paucis
800 1740 837 1801 et
863 1755 883 1801 a
913 1730 1130 1804 mulieribus
1151 1752 1214 1800 ex·

115 1829 272 1928 pugnati
298 1839 407 1926 sunt,
434 1840 472 1902 et
498 1831 533 1900 in
562 1829 691 1925 fugam
719 1828 891 1902 conversi
919 1841 1025 1921 suntp
1061 1829 1210 1927 quidam

119 1941 343 2029 capusum,
376 1931 526 2028 quidam
547 1954 635 2002 vero
655 1955 772 2028 equos
802 1940 839 2003 et
864 1954 968 2002 arma
995 1931 1212 2004 amiserunt.

118 2032 223 2104 Unde
243 2033 363 2104 eciam
383 2031 518 2105 mulier
536 2035 697 2128 quedam
716 2043 816 2104 terre
835 2030 934 2104 illius
955 2043 1082 2104 contra
1102 2053 1212 2127 quos·

117 2132 205 2202 dam
230 2133 403 2206 homines
429 2133 465 2205 in
491 2145 597 2230 parte
617 2159 685 2205 sua
712 2133 959 2205 summarium
985 2157 1070 2206 cum
1095 2131 1211 2204 armis

114 2242 157 2305 et
175 2234 342 2306 vestibus
364 2233 549 2305 lucratum
568 2233 808 2328 reclamavit,
837 2235 935 2306 unde
956 2233 1119 2306 universi
1138 2233 1211 2305 hoc

119 2333 314 2406 audientes
342 2334 531 2407 ammirati
562 2344 660 2406 sunt.
713 2335 853 2406 Eodem
881 2334 1000 2406 eciam
1026 2343 1213 2432 tempore,

116 2435 255 2508 milites
284 2447 321 2506 et
356 2435 566 2508 servientes
595 2435 741 2532 equites
769 2434 916 2507 circiter
942 2437 1016 2526 200
1043 2435 1212 2508 etmulti

116 2537 262 2634 pedites
283 2561 304 2608 a
323 2536 467 2609 Nivella
488 2559 608 2634 usque
626 2536 802 2609 Brainam
821 2536 1059 2610 Wilhoticam
1079 2560 1125 2608 ex
1143 2536 1212 2608 im-

119 2639 269 2735 proviso
302 2648 509 2731 veneruut3
550 2661 644 2734 quos
677 2637 815 2710 milites
852 2648 889 2710 et
929 2637 1140 2711 servientes
1174 2637 1211 2708 in

117 2739 252 2811 Braina
272 2739 464 2811 constituti
484 2739 630 2835 equites
651 2738 799 2812 circiter
813 2743 862 2812 lo
881 2749 919 2813 et
935 2738 1045 2837 pauci
1064 2737 1210 2836 pedites

1 2921 2 2924 ι
118 2849 444 2936 expugnaverunt,
472 2849 509 2910 et
527 2862 594 2912 eos
614 2840 650 2911 in
671 2840 799 2936 lugam
820 2850 1100 2936 convertentes,
1118 2839 1212 2911 mul·

1 2948 2 2956 ’
118 2939 543 3037 tosexillisceperunt.
1231 2933 1254 2952 '⁴

192 3040 462 3114 Dominust
397 3064 444 3110 au
447 3049 524 3111 tem
546 3063 612 3110 rex
634 3039 861 3111 Francorum
887 3064 1024 3212 pacemt
1041 3041 1139 3112 inter
1160 3039 1212 3111 di·

116 3141 235 3225 lectos
260 3164 373 3240 suos
409 3139 553 3212 scilicet
580 3149 758 3236 nepotem
780 3163 890 3212 suum
911 3140 1024 3212 comit
1026 3165 1086 3212 em
1104 3142 1212 3214 Cern-

119 3234 327 3340 panensem
352 3251 389 3314 et
418 3250 564 3338 patrem
589 3263 700 3312 suum
726 3239 902 3312 comitem
928 3240 1212 3314 Hauonieusem

1 3366 2 3369 ’
24 3423 27 3429 ,
117 3344 249 3416 volens
266 3342 451 3438 ordinare,
468 3343 644 3414 comitem
660 3340 830 3414 Hauonie
845 3344 941 3439 apud
958 3341 1213 3415 Pontisaram3

120 3467 251 3517 mense
270 3446 439 3540 Augusto
460 3445 503 3514 ad
525 3467 567 3516 se
586 3441 715 3516 venire
734 3442 840 3538 lecit3
869 3442 930 3515 ubi
949 3443 1120 3516 dominus
1140 3444 1291 3528 lle-Aug.

119 3545 263 3618 mensis
295 3544 601 3642 archiepiscopus
640 3555 676 3616 et
710 3568 838 3616 comes
866 3543 1104 3618 Theobaldus
1144 3547 1211 3644 pro

1 3662 2 3666 ’
117 3657 224 3745 parte
245 3645 400 3718 'comitis
428 3644 703 3742 Campanensis
732 3655 848 3718 erant.
884 3645 1011 3744 Ibique
1039 3646 1212 3720 dominus

119 3770 345 3846 rexpacem
365 3745 550 3820 ordinavit
576 3746 612 3817 in
640 3746 740 3818 hunc
765 3749 939 3820 modum:
966 3751 1090 3845 quod
1083 3771 1212 3820 comes

117 3847 369 3921 Hauoniensis
385 3848 614 3920 Namurcum
634 3857 672 3919 et
690 3847 813 3920 omnia
831 3871 902 3944 que
922 3851 966 3920 ad
983 3834 1212 3921 Namurcum

118 3949 318 4046 pertinent,
329 3947 459 4021 tamin
476 3948 594 4020 feodis
611 3971 723 4046 quam
740 3947 884 4022 allodiis
900 3949 1068 4044 haberet
1083 3973 1212 4022 comes

120 4059 244 4123 autem
262 4049 536 4150 Campanensis
555 4050 722 4123 Roclram
739 4060 775 4120 et
790 4050 928 4123 Durbui
947 4050 1123 4144 haberet
1142 4050 1214 4142 Lu·

120 4150 335 4275 sceleborch
352 4163 478 4226 autem
494 4152 539 4223 ad
555 4151 786 4223 voluntatem
802 4149 942 4224 domini
962 4151 1062 4247 regis
1079 4146 1215 4223 Roma

119 4277 144 4349 1)
162 4275 262 4349 lffpern
336 4279 363 4349 2)
383 4277 471 4334 llarne
485 4277 525 4334 St
539 4267 643 4335 Pierre.
719 4277 745 4349 3)
766 4275 901 4331 l’on'tcise.
1004 4362 1008 4370 .
