3002 4790
285 423 288 430 “
348 375 423 502 aso
749 420 1032 496 crsnnnnnrr

132 657 148 720 ῑ
178 649 179 654 ’
258 638 338 693 ¹¹⁹⁴
347 623 508 702 debilem
534 625 780 718 obsederunt,
815 647 929 735 quam
959 623 1109 697 tandem
1138 631 1344 735 ceperunt.
1412 619 1464 694 In

286 723 470 804 terim
476 735 604 804 autern
622 725 759 802 milites
779 721 1037 802 Hanouienses
1057 733 1094 796 et
1111 722 1331 798 servientes
1353 722 1462 818 equi·

346 836 405 902 tes
433 835 472 900 et
497 825 647 939 quidam
672 823 816 924 pedites
843 823 952 898 electi
980 824 1079 922 apud
1106 823 1349 896 Namurcum
1393 847 1458 921 pro

288 979 293 990 .
348 926 518 1002 custodia
535 925 648 1001 castri
667 935 929 1000 convenerunt
976 924 1156 1002 Homines
1178 948 1268 997 vero
1295 923 1456 996 Ganda-

331 1044 482 1104 'venses
502 1026 683 1100 voluntat
657 1037 685 1098 tr
704 1025 843 1101 domiui
861 1025 1009 1102 comitis
1027 1024 1215 1121 contrarii,
1241 1024 1333 1098 eius
1355 1023 1454 1098 iram

347 1127 485 1200 diutius
503 1126 690 1204 sustinere
709 1152 782 1202 non
801 1125 982 1224 vatentes,
1009 1125 1095 1199 eius«
1114 1122 1388 1200 misericordie
1417 1149 1452 1198 se

348 1228 612 1304 submiserunt.
652 1227 832 1302 Dominus
847 1239 972 1304 autem
988 1251 1129 1323 comes
1148 1226 1318 1324 acceptis
1342 1224 1451 1300 bonis

261 1411 262 1414 ι
349 1329 539 1402 obsidibus
567 1339 606 1404 et
632 1329 670 1403 in
701 1341 824 1402 castro
856 1353 925 1404 suo
961 1327 1098 1404 ibidem
1133 1327 1391 1410 incarceratis
1419 1337 1450 1400 et

349 1431 523 1508 omnibus
541 1428 677 1502 ibidem
696 1430 742 1506 ad
761 1453 868 1504 suam
893 1429 1126 1504 voluntatem
1151 1427 1342 1526 peractis,
1371 1452 1449 1501 ven

347 1555 414 1607 sus
433 1532 659 1608 Namurcum
680 1541 811 1605 contra
834 1530 963 1604 hostes
989 1529 1201 1628 properavit
1225 1539 1262 1602 et
1282 1553 1360 1626 per
1380 1529 1447 1600 Ha·

248 1644 278 1698 't
292 1631 500 1706 9⁰·noniam
520 1630 706 1706 transiens
725 1629 934 1708 exercitum
950 1631 1161 1728 plenarium
1186 1641 1273 1728 post
1302 1631 1366 1703 ‘se
1393 1655 1446 1703 ve

241 1733 429 1806 tuat-nire
449 1731 557 1805 iussit
582 1743 620 1806 et
638 1732 799 1828 quadam
825 1731 1012 1806 dominica
1037 1729 1164 1828 vigilia
1190 1730 1313 1804 sancti
1337 1729 1446 1826 Petri,

348 1830 511 1909 intrante
530 1858 659 1912 mense
677 1835 862 1930 Augusto,
881 1833 1111 1906 Namurcum
1130 1831 1247 1924 venit3
1281 1833 1446 1928 pudens·

350 1959 423 2032 que
447 1935 545 2032 quod
571 1934 624 2006 illi
652 1943 792 2008 terram
810 1955 928 2007 suam
953 1933 1092 2005 intrare
1117 1943 1445 2030 presumpserunt,

287 2046 389 2110 et
406 2058 440 2110 er
432 2035 559 2106 mala
578 2044 616 2108 et
633 2033 794 2131 dampna
822 2033 960 2112 iniuste
985 2033 1123 2107 inferre
1142 2057 1215 2105 non
1235 2044 1444 2129 cessarent,

349 2159 426 2212 non
451 2133 656 2234 expectatis
683 2134 896 2210 hominibus
921 2133 999 2210 suis
1025 2133 1188 2210 invitalis
1215 2133 1261 2206 ad
1287 2135 1421 2232 hocs
1413 2159 1443 2208 ιιι

162 2311 163 2314 ,
241 2235 510 2330 nug..1drastino
540 2237 700 2332 quadam
728 2234 787 2309 die
815 2236 938 2330 Lune,
975 2234 1032 2306 die
1060 2235 1159 2309 festo
1183 2233 1305 2308 sancti
1332 2235 1441 2330 Petri,

155 2361 157 2366 ·
349 2361 436 2414 cum
454 2337 584 2434 paucis
600 2335 777 2412 militibus
792 2348 923 2410 contra
939 2337 1091 2442 multos?
1110 2357 1197 2408 cum
1215 2335 1349 2447 paucis
1371 2361 1442 2410 ser-

348 2439 533 2514 uientibus
551 2437 738 2534 equitibus
757 2447 886 2509 contra
907 2435 1087 2531 multoc,
1088 2459 1173 2512 cum
1194 2437 1326 2533 paucis
1343 2438 1442 2534 pedi

347 2539 447 2614 titus
466 2549 595 2610 contra
615 2538 755 2610 multos
774 2536 943 2630 bellavit3
969 2537 1007 2608 in
1026 2562 1098 2633 quo
1119 2535 1216 2613 bello
1236 2537 1441 2614 Henricum

314 2681 317 2686 ·
350 2643 483 2714 ducem
496 2641 544 2714 de
557 2638 767 2718 Lemborch
783 2647 821 2712 et
836 2637 1037 2711 Henricum
1056 2637 1176 2710 filium
1191 2636 1270 2712 eius
1285 2637 1441 2719 viriliter

350 2765 392 2818 se
410 2740 650 2814 defensantes
669 2738 779 2851 cepit
799 2763 886 2817 cum
904 2739 1040 2835 quitus
1058 2738 1176 2812 eciam
1192 2737 1335 2812 milites
1359 2745 1438 2838 tue,

351 2852 484 2939 except
487 2841 516 2912 is
470 2841 618 2916 taliis
638 2839 824 2936 equitibus
851 2849 889 2914 et
913 2838 1116 2951 peditibus7
1146 2839 1243 2938 capti
1271 2840 1438 2936 fuerunt,

321 2954 323 2957 ’
350 2941 488 3020 milites
507 2952 631 3018 autem
661 2965 727 3038 per
745 2935 984 3037 quoddam
951 2939 1131 3012 rivarium
1158 2939 1346 3038 fugientes
1373 2943 1438 3014 cir

351 3043 460 3117 citer
470 3041 713 3120 tasutrnersi
738 3041 899 3115 fuerunt.
952 3033 1094 3136 Symon
1120 3066 1209 3115 vero
1234 3041 1377 3116 electus
1405 3052 1438 3117 el

349 3145 598 3217 Walerannus
621 3143 738 3216 frater
761 3141 841 3217 eius
866 3152 911 3214 et
929 3141 1111 3216 Henricus
1138 3153 1266 3215 comes
1284 3142 1436 3216 Namar-

351 3245 473 3319 censis
493 3256 530 3318 et
546 3227 721 3319 Alberlus
739 3264 868 3314 comes
887 3241 932 3316 de
947 3241 1147 3317 Danboreh
1165 3253 1204 3316 et
1222 3243 1433 3324 Fredericns

243 3373 244 3379 ¹
351 3370 480 3420 comes
508 3347 553 3417 de
570 3343 710 3416 Vienna
743 3340 781 3413 in
809 3342 939 3439 fugam
966 3343 1136 3417 conversi
1163 3353 1260 3424 sunt.
1302 3343 1433 3442 Sicquo

351 3447 524 3520 dominus
552 3467 693 3531 comes,
728 3443 808 3518 Deo
825 3443 1007 3538 uolente,
1044 3443 1203 3518 obtinuit
1231 3444 1429 3542 victoriam,

351 3548 575 3641 rediensque
593 3544 834 3655 Namurcum,
860 3543 995 3618 ibidem
1016 3545 1148 3636 docem
1167 3545 1214 3618 de
1230 3501 1431 3624 Lemhorcti
1474 3583 1475 3664 p

351 3659 389 3722 et
410 3645 622 3724 Heinricum
652 3643 770 3719 lilium
789 3645 873 3720 eius
890 3657 1021 3744 captos
1048 3645 1226 3718 custodiri
1251 3646 1345 3720 fecit.
1383 3647 1475 3721 ln

351 3749 464 3822 bello
470 3756 595 3820 autem
625 3743 688 3816 illo
716 3744 874 3844 gloriam
903 3758 939 3819 et
967 3746 1116 3823 laudem
1143 3745 1334 3844 probitatis
1359 3771 1428 3820 ma-

350 3871 465 3948 gnam
491 3845 694 3918 Balduinus
721 3847 820 3918 tilius
848 3847 986 3920 domini
1015 3847 1163 3920 corrritis
1183 3860 1220 3921 et
1238 3847 1475 3930 Nicholaus

285 4013 287 4016 ,
351 3947 397 4021 de
417 3947 587 4020 Ruminio
615 3959 653 4020 et
671 3948 854 4022 liebertus
874 3949 920 4023 de
937 3948 1109 4043 Waurin2
1137 3947 1308 4022 Flandrie
1331 3973 1426 4023 sene·
1472 3981 1475 4104 p

318 4131 319 4134 Ἴ
350 4049 510 4147 scalcos
530 4049 738 4128 habuerunt
783 4048 835 4120 ιιι
855 4049 1075 4122 aiteravero
1097 4061 1201 4148 parte
1219 4073 1285 4147 pre
1304 4051 1424 4124 ceteris

350 4105 510 4265 laudein
521 4149 654 4222 babuit
678 4148 860 4222 Henricus
890 4147 988 4222 filius
1017 4151 1121 4222 ducis
1145 4151 1190 4224 de
1209 4150 1475 4242 Lemborch

351 4251 389 4324 in
407 4277 497 4325 casu
516 4250 579 4322 illo
600 4251 731 4325 solus.
835 4249 881 4324 de
899 4249 1113 4322 hominibus
1132 4251 1271 4324 domini
1291 4249 1475 4324 comitis
