3002 4790
315 439 596 516 CHRONlCON
621 438 971 514 HANONIENSE«
1030 449 1032 452 ’
1103 441 1176 517 255

59 644 257 720 dominus
275 643 482 744 imperator
494 642 531 716 in
545 640 655 717 vadio
671 668 693 716 a
707 642 859 717 domino
874 641 1070 740 Radulpho
1083 642 1177 717 Leo·
1190 657 1267 711 1193.

61 745 201 821 diensi
216 745 395 860 episcopo
411 755 622 844 acceperat,
638 743 678 817 'in
696 742 966 844 proprietatem
984 743 1176 818 habendas

61 857 279 922 concessit.
340 845 516 919 Castrum
541 871 691 944 quoque
716 845 958 945 episcopatus
982 844 1177 944 proprium

61 947 207 1021 Duraa
236 947 321 1020 duci
347 946 571 1022 Lovaniensi
596 957 634 1021 et
657 948 840 1045 quasdam
865 946 1042 1020 villarum
1067 946 1177 1020 advo·

30 1106 36 1114 .
64 1048 200 1123 catias
218 1048 320 1123 dedit
336 1048 517 1146 in-feodo,
537 1058 575 1122 ct
591 1048 666 1122 dux
683 1047 929 1122 lovaniensis
945 1047 1112 1122 Gerardo
1131 1047 1178 1120 de

63 1149 155 1222 Loz
177 1149 305 1224 comiti
323 1149 449 1249 ipsum
467 1151 634 1223 castrum
657 1149 695 1222 in
722 1149 833 1224 feodo
853 1148 1052 1245 concessit,
1069 1149 1177 1245 ‘quod

63 1250 161 1350 ipse
180 1274 310 1325 comes
327 1250 405 1324 iam
422 1260 513 1324 tunc
530 1253 700 1347 tenebat,
726 1249 922 1348 quiaillud
948 1249 1030 1348 ipse
1048 1273 1176 1340 comes

66 1353 123 1426 de
147 1351 228 1424 Loz
254 1351 337 1424 duci
363 1351 589 1426 Loraniensi
623 1352 871 1450 subripuerat.
926 1351 1104 1425 Wildrico
1123 1351 1176 1425 ‘de
1249 1369 1251 1372 ’

65 1452 327 1527 Wallaincort
344 1453 482 1528 'castra
496 1477 569 1550 que
582 1452 734 1552 proprie
748 1454 793 1525 ad
809 1451 1071 1552 episcopatum
1083 1453 1178 1526 Leo·
1189 1464 1219 1519 r.
1232 1461 1277 1514 88.
1351 1533 1357 1551 ἦ

71 1552 251 1628 diensem
269 1553 444 1640 devenire
467 1554 667 1649 debebant,
696 1580 769 1652 que
789 1553 1177 1652 quidemsepedictus
1349 1549 1353 1558 '

70 1653 301 1753 Radulphus
336 1654 536 1754 episcopus
564 1654 598 1728 ei
623 1665 865 1730 concesserat
898 1665 935 1729 et
966 1665 1094 1729 tamen
1125 1655 1179 1727 in·

71 1755 196 1853 iuste,
222 1754 367 1830 scilicet
384 1755 709 1828 Clarummomem
728 1766 765 1830 et
783 1755 987 1830 llochelort
1011 1765 1048 1828 et
1067 1756 1178 1830 advo·

73 1857 199 1930 catias
218 1858 265 1931 de
282 1857 421 1930 Dinant
438 1857 611 1930 habenda
628 1855 826 1938 concessit.

156 1953 294 2032 Comes
310 1967 437 2032 autem
451 1956 690 2032 Flandrensis
706 1969 744 2032 et
757 1957 1008 2032 Hanoniensis
1024 1968 1061 2032 et
1079 1983 1178 2030 mar·

75 2059 164 2132 chio
190 2059 470 2133 Namurcensis
485 2058 693 2132 hominium
720 2059 1179 2158 episcopatui·Leodiensi
1268 2117 1270 2122 .

48 2236 52 2242 ,
77 2159 251 2234 debitum
265 2159 337 2258 ipsi
351 2159 508 2256 Symoni
525 2161 653 2236 facere
670 2160 802 2258 noluit,
827 2161 911 2258 quia
931 2160 1071 2232 nullius
1090 2159 1177 2232 boni

78 2283 189 2360 spem
207 2259 246 2332 in
265 2285 309 2334 eo
329 2261 508 2356 habebat,
543 2271 652 2360 pater
679 2261 818 2335 etenim
844 2262 965 2358 illius,
993 2260 1178 2334 chricus

80 2363 156 2434 dux
180 2361 225 2435 de
243 2360 475 2460 Lemborch,
497 2372 540 2448 wet
564 2362 812 2439 consobrinus
837 2363 938 2458 eius,
960 2363 1034 2434 dux
1060 2362 1178 2435 Lora·

36 2517 41 2526 .
78 2461 222 2536 niensis
248 2461 450 2560 HenricuS,
483 2462 661 2536 comitem
688 2461 989 2561 Hanoniensem,
1017 2487 1178 2536 consan-

80 2563 259 2662 guineum
278 2588 401 2662 suum,
421 2575 573 2662 semper
591 2563 676 2638 odio
696 2563 802 2662 gravi
827 2565 1000 2664 oderant,
1028 2575 1066 2639 et
1093 2565 1176 2638 ideo

80 2689 209 2749 comes
228 2664 328 2737 illius
346 2665 625 2763 promotionem
652 2664 897 2764 formidabat,
923 2666 1115 2740 confidens
1140 2665 1178 2737 in

81 2767 253 2864 profectu
280 2766 534 2863 predictorum
560 2765 784 2840 clericorum
810 2765 1088 2864 Leodiensium,
1116 2765 1178 2864 qui

46 2911 49 2916 -
85 2865 131 2938 de
156 2863 306 2938 saniore
331 2875 438 2962 parte
463 2865 616 2964 capituli
647 2866 816 2940 incuria
845 2867 1016 2942 Romana
1047 2879 1179 2941 contra

85 2965 289 3062 Symonem
306 2963 494 3038 intrusum
512 2967 743 3040 laborabant.
772 2969 931 3042 Predicti
950 2968 1087 3062 etenim
1106 2969 1179 3041 cle·

84 3065 150 3140 rici
174 3065 348 3140 electioni
376 3065 543 3146 eiusdem
563 3066 739 3162 Symonis
767 3069 1021 3166 adversantes,
1049 3069 1177 3141 habito

87 3191 271 3242 consensu
298 3177 336 3240 et
362 3167 519 3240 consilio
550 3167 690 3240 domini
716 3168 961 3267 imperatoris·
980 3182 1017 3244 et
1042 3193 1179 3268 sugge-

14 3337 15 3342 ,
89 3268 206 3343 stione
225 3267 373 3342 comitis
394 3268 566 3342 Flandrie
586 3279 623 3342 et
643 3269 815 3344 Hanonie
834 3269 1015 3369 adhibita,
1035 3270 1181 3345 scilicet

87 3370 257 3444 Albertus
284 3371 330 3444 de
354 3370 484 3444 Retest
507 3381 544 3445 et
569 3365 744 3444 Albertus
763 3372 808 3446 de
827 3371 932 3445 Chue
955 3383 994 3446 et
1018 3370 1112 3445 Otto'
1133 3374 1178 3447 de

14 3497 15 3500 ¹
88 3469 400 3545 Falconis-Monte
425 3483 462 3546 et
488 3473 598 3571 Hugo
619 3471 665 3546 de
682 3472 926 3572 Petreponte,
956 3473 1177 3548 Leodiensis

14 3613 16 3624 =
90 3570 243 3647 ecclesie
262 3571 536 3671 archidyaconi,
555 3598 646 3672 ,curn
666 3574 888 3672 quibusdam
907 3574 1103 3649 canonicis
1117 3601 1179 3649 ou·

89 3673 179 3746 riam
197 3673 407 3768 Romanam
432 3673 613 3774 adierunt,
641 3685 678 3748 et
703 3687 835 3749 contra
862 3675 1087 3751 electionem
1111 3676 1179 3772 Sy·
1199 3721 1201 3724 -

91 3773 206 3848 monis
227 3775 512 3854 laboraverunt.
564 3774 765 3848 Letharius
794 3800 962 3876 quoque,
998 3788 1178 3876 utsupra

93 3875 312 3973 dictumest,
331 3900 399 3975 per
412 3874 607 3950 arbitrium
621 3875 747 3950 domni
766 3903 863 3976 pape
877 3905 1020 3978 pauper
1039 3889 1076 3952 et
1093 3877 1177 3952 vilis

14 4029 17 4060 ἓ
91 3975 218 4076 factuS,
232 3977 442 4050 Romanam
457 3979 599 4050 curiam
615 3977 715 4076 adiit,
735 3989 776 4050 ut
790 3978 951 4077 aliquam
967 3978 1177 4053 misericor·

95 4074 185 4149 diam
203 4104 225 4151 a
244 4078 394 4151 domino
413 4103 510 4178 papa
531 4079 714 4176 obtinens,
739 4081 784 4152 ad
803 4080 953 4178 aliquod
972 4078 1095 4152 maius
1115 4082 1177 4151 bo-

14 4185 17 4252 l
95 4201 176 4250 num
198 4183 336 4278 ‚posset
361 4179 594 4279 promoveri,
627 4179 689 4278 qui
715 4181 834 4256 Rome
864 4181 1082 4255 infirmitate
1114 4205 1177 4280 op-

14 4259 18 4368 l
94 4303 251 4380 pressus,
269 4291 439 4354 mortuus
459 4291 516 4356 est
529 4281 553 4352 ¹.

97 4405 120 4478 1]
136 4406 172 4463 Ile
191 4407 232 4462 his
252 4408 375 4462 omnibus
395 4427 419 4463 v.
438 4408 582 4482 Aegidium
602 4409 772 4467 Aureaerall.
793 4411 811 4469 l,
831 4429 854 4466 c.
875 4429 901 4482 p.
923 4411 984 4470 185.
