3118 4786
387 430 664 504 CHRONICON
691 431 1012 505 HANONIENSE.
1163 438 1248 508 131-
1285 437 1291 442 ”
1333 441 1336 446 “
1372 493 1376 502 ,

150 630 358 705 Iohannem
377 631 571 704 dominum
596 632 757 730 Nigelle,
784 633 927 706 amicos
946 655 1057 729 sum,
1083 631 1343 707 {iliorummoa

150 732 319 804 'suorum
350 733 653 832 consanguineos
677 733 894 830 multosque
912 733 1086 806 Flandrie
1104 733 1250 808 nobiles
1260 748 1291 804 't
1303 748 1350 802 41.

149 853 315 929 suosque
333 833 613 930 Hanonienses,
638 833 815 907 iacobum
835 835 881 908 de
899 833 1099 930 Avethnis,
1122 833 1252 933 Hugo-

149 955 237 1005 nem
265 934 310 1006 de
333 931 430 1028 Oisi,
472 933 680 1007 Rassonem
707 935 753 1008 de
779 933 926 1031 Gaura,
965 933 1175 1006 Gerardum
1204 935 1250 1008 de

150 1030 289 1105 Sancto
309 1032 471 1129 Oberto,
499 1033 709 1107 Evrardum
727 1034 942 1129 hodonem,
967 1033 1193 1106 Nicholaum
1211 1044 1251 1108 et

149 1132 351 1230 Hugonem
370 1135 416 1208 de
435 1134 628 1232 hominio,
664 1133 889 1207 Nicholaum
913 1135 960 1208 de
977 1133 1249 1231 Barhenoione⁷

148 1232 369 1307 Eustacium
399 1234 589 1309 seniorem
618 1234 663 1307 de
689 1234 791 1310 Ruez
817 1246 855 1307 et
881 1233 1101 1307 Eustaoium
1127 1233 1250 1306 filium

148 1333 250 1431 eius,
278 1333 461 1408 Ostonem
488 1335 534 1410 de
559 1334 761 1432 Trasiniis‚
787 1335 998 1409 Walterum
1022 1335 1068 1408 de
1091 1334 1249 1433 Warini,

146 1431 372 1507 Balduinum
392 1445 430 1508 et
446 1435 641 1510 Matheum
655 1436 702 1510 de
714 1435 975 1532 Wallainoort,
992 1433 1183 1511 Renerum
1202 1435 1249 1510 de

148 1532 246 1629 Tot,
265 1534 497 1608 Willelmum
515 1538 672 1611 fratrem
691 1536 809 1635 ipsius
828 1536 991 1632 comitis,
1018 1537 1248 1609 Almannum

147 1633 194 1706 de
222 1633 350 1730 Pnovi7
382 1634 590 1710 Gerardum
619 1639 665 1710 de
687 1636 944 1735 Waldripont7
970 1638 1180 1710 Walterum
1201 1637 1248 1711 de

147 1731 328 1805 Fontanis
347 1744 385 1808 et
401 1735 538 1808 fratres
557 1735 651 1833 eius³
669 1736 845 1833 Egidium
859 1735 1093 1832 deCyniaoo‚
1112 1736 1248 1808 Nieho·

145 1833 250 1906 laum
264 1835 310 1907 de
321 1835 469 1909 Perwez
488 1845 526 1910 et
542 1835 768 1910 Balduinum
786 1835 907 1908 filium
923 1835 1017 1932 eius⁷
1036 1835 1248 1908 Walterum

147 1933 193 2007 de
211 1934 310 2008 Lens
336 1945 374 2010 et
401 1934 646 2009 Eustachium
673 1935 793 2008 filium
821 1935 921 2033 eius,
950 1934 1181 2008 Gossuinum
1200 1935 1248 2009 de

145 2033 311 2131 Angien‚
353 2037 565 2111 Walterum
596 2038 642 2111 de
672 2037 887 2132 Hunecort,
934 2035 1168 2110 Bernardum
1200 2035 1246 2110 de

146 2131 286 2206 Sancto
306 2136 485 2232 Walerio,
502 2137 626 2210 virum
643 2137 968 2236 potentissimum,
996 2136 1246 2209 castellanum

146 2232 193 2305 de
209 2232 395 2330 Belmeiz,
413 2236 615 2334 Hugonem
634 2238 681 2308 de
699 2236 816 2332 huet,
834 2236 998 2310 Hoelum
1017 2237 1063 2308 de
1081 2235 1246 2333 Kauren,

143 2331 327 2407 Karolum
346 2334 391 2408 de
409 2335 551 2408 Frasne
569 2359 722 2432 senem,
748 2334 895 2408 Polium
914 2335 960 2408 de
977 2333 1130 2431 vileirs³
1161 2334 1247 2408 Bal·

144 2433 301 2507 duinum
320 2435 366 2508 de
384 2433 529 2534 Strepi,
555 2435 746 2534 hogerum
767 2436 812 2508 de
832 2435 1015 2532 condato,
1042 2435 1246 2532 Hugonem

145 2535 191 2608 de
210 2534 332 2631 Croiz,
350 2534 575 2608 Balduinum
594 2535 845 2632 Montensem‚
864 2535 1069 2609 Henrioum
1086 2534 1246 2610 Binoen-

144 2657 244 2731 sem,
271 2634 469 2711 Gislenum
495 2635 732 2711 Bellimontis
759 2636 1008 2732 castellanoS,
1036 2635 1245 2709 Iohannem

144 2734 365 2832 Cornutum,
382 2736 622 2811 Baldericum
636 2737 683 2811 de
696 2735 839 2834 Roisin⁷
858 2736 1069 2810 Gerardum
1083 2735 1245 2810 Makrol·

143 2834 223 2906 lum
241 2836 288 2909 de
305 2837 435 2910 Denen
453 2861 604 2934 senem,
622 2836 859 2936 Stephanum
878 2838 924 2911 de
942 2837 1090 2930 Denen‚
1110 2835 1248 2910 Gerar·

146 2935 235 3007 dum
259 2936 304 3009 de
327 2936 542 3034 Maloioort,
567 2935 802 3011 willelmum
820 2938 867 3012 de
885 2937 1022 3035 Hausi,
1047 2935 1242 3012 Simonem

144 3034 190 3109 de
207 3035 359 3130 Aunoit,
377 3036 581 3110 Falconem
601 3038 647 3110 de
665 3035 846 3111 Semeriis
865 3061 1009 3133 senem,
1027 3036 1244 3134 multosque

143 3135 261 3231 alim,
297 3135 512 3232 multosque
531 3135 578 3210 de
596 3145 696 3209 terra
722 3135 897 3209 avunculi
921 3135 979 3206 sui
1004 3135 1153 3208 coinitis
1171 3137 1245 3208 Na·

144 3234 354 3309 muroensis
390 3235 540 3310 milites.
605 3235 789 3309 Dominus
825 3259 954 3308 comes
989 3234 1245 3308 Hanoniensis

141 3335 272 3408 villam
288 3335 327 3408 in
344 3336 547 3410 Brabantia
560 3335 814 3412 Lembeoham
825 3334 850 3428 ¹7
871 3334 908 3408 in
923 3334 1105 3408 comitatu
1119 3335 1245 3408 Hano·

143 3435 264 3510 niensi
282 3437 413 3534 sitam,
438 3461 551 3536 quam
569 3435 717 3511 noviter
734 3462 758 3510 a
775 3433 878 3510 fideli
897 3459 966 3508 suo
986 3435 1176 3509 Gossuino
1196 3436 1243 3511 de

141 3536 312 3635 Aengien
330 3537 369 3609 in
386 3539 496 3612 vadio
516 3548 732 3636 acceperat,
757 3561 870 3634 quam
889 3536 971 3636 ipse
989 3535 1201 3610 Gossuinus
1220 3563 1244 3610 a

141 3635 310 3711 Waltero
330 3639 376 3712 de
394 3638 492 3712 Lens
518 3640 556 3711 in
582 3639 694 3712 feodo
721 3641 875 3712 tenebat
900 3647 938 3711 et
965 3638 1124 3710 eandem
1141 3637 1243 3710 wn-

4 3795 8 3826 ,
141 3747 247 3812 torus
262 3763 284 3811 a
299 3737 437 3813 comite
451 3738 682 3812 Hanoniensi
703 3763 749 3812 ex
768 3738 890 3836 stagia
905 3737 1114 3810 Montensis
1128 3738 1242 3811 castri

141 3839 306 3933 tenebat,
325 3838 479 3913 firmare
498 3839 707 3937 proposuit.
748 3838 830 3911 Dux
850 3848 979 3912 autem
996 3837 1243 3914 Lovaniensis

143 3936 368 4011 Godefridus
388 3950 426 4013 et
444 3939 524 4014 eius
542 3939 644 4012 filius
662 3939 861 4034 Henrious,
885 3939 975 4037 quia
992 3938 1133 4014 Sancta
1151 3940 1242 4012 Ger·

141 4038 260 4110 trudis
274 4039 499 4115 Nivellensis
517 4039 555 4112 in
573 4051 762 4139 potestate
781 4041 846 4114 illa
865 4040 1027 4138 quedam
1046 4042 1156 4135 bona,
1175 4040 1242 4112 sed

141 4161 263 4234 pauca
289 4150 438 4238 tamen7
464 4141 604 4216 habere
630 4140 841 4238 dicebatur,
869 4141 977 4248 onius
1003 4138 1143 4212 Sancte
1166 4140 1242 4214 dux

142 4260 168 4330 1)
188 4260 334 4336 Lembeoq,
354 4283 407 4321 arr.
427 4268 462 4320 de
481 4264 632 4333 Bruxelles,
652 4277 723 4321 eant.
745 4271 778 4320 do
799 4266 862 4321 11ι1.

967 4357 1006 4422 9.
