3066 4788
393 421 670 534 CHRQNlCON
696 422 1009 498 HANONIENSE.
1200 425 1248 497 67

152 633 189 695 et
215 621 395 695 Yolendis
424 622 618 697 comitisse
644 621 756 718 filius,
784 623 847 721 qui
866 623 1005 696 multos
1032 623 1181 698 labores
1211 635 1249 698 et

150 745 372 820 guerrarum
401 723 562 798 insultus
588 724 750 821 undique
777 735 907 798 contra
927 723 1070 798 vicinos
1093 745 1183 797 suos
1211 733 1249 797 et

152 833 279 896 contra
299 847 433 896 omnes
452 825 533 897 fere
552 849 643 898 suos
663 824 837 899 homines
856 824 1089 923 potentiores
1114 835 1151 898 et
1169 848 1249 898 ma·

149 925 250 996 xime
274 935 403 996 contra
422 925 695 999 Theodericum
721 925 898 999 comitem
920 925 1191 1002 Flaudrensem
1211 935 1250 998 et

1 1051 3 1097 i
100 1071 103 1076 ·
150 1025 231 1098 eius
257 1046 411 1098 uxorem
437 1025 618 1122 sibiliam,
645 1026 792 1098 comitis
811 1025 1100 1125 Andegavensrs
1118 1023 1248 1122 tiliam,

148 1149 286 1222 passus
307 1137 383 1221 est·
411 1125 446 1197 in
469 1126 616 1223 quibus⁷
634 1126 715 1198 Deo
734 1125 949 1222 auxiliante,
969 1117 1086 1199 nichil
1100 1125 1248 1199 heredi-

146 1227 234 1298 tatis
263 1227 324 1298 vel
348 1227 503 1300 honoris
523 1225 740 1325 perdidit3'
751 1249 907 1299 uxorem
936 1227 1038 1301 duxit
1064 1226 1248 1301 nobilissi-
1257 1233 1294 1289 ‘t
1304 1231 1357 1288 to.

148 1350 250 1398 mam
276 1326 443 1422 Alidem⁷
481 1351 638 1426 corpore
664 1327 828 1425 eleganti
861 1338 899 1400 et
929 1327 1025 1400 facie
1057 1331 1248 1426 decoram,

149 1450 296 1499 morum
324 1428 524 1502 honestate
550 1428 742 1520 refertam
772 1427 949 1525 operibus
976 1428 1083 1502 bouis
1110 1438 1149 1501 et
1172 1429 1248 1503 ele·

150 1528 306 1600 mosinis
338 1528 541 1624 intentam,
576 1528 766 1612 Godefridi
801 1528 948 1602 comitis
975 1529 1247 1604 Namurcensis

149 1640 186 1700 et
216 1629 484 1703 Ermensendis
522 1629 716 1702 comitisse
741 1628 876 1723 tiliam⁷
911 1629 1063 1702 Henrici
1099 1630 1246 1704 comitis

146 1729 415 1802 Namurcensis
433 1739 469 1801 et
482 1729 759 1802 Lusceleborch
781 1753 963 1802 sororem.
992 1729 1039 1802 Et
1057 1731 1142 1827 quia
1163 1730 1246 1804 aliis

144 1829 265 1926 ipsius
284 1829 402 1904 Alidis
421 1829 611 1904 sororibus
631 1829 828 1928 maritatis,
857 1829 1000 1902 scilicet
1019 1829 1169 1904 ducisse
1189 1830 1248 1906 Ci-

146 1930 409 2026 ringhiorum1
441 1941 479 2004 et
511 1931 703 2004 comitisse
732 1933 777 2004 de
806 1929 966 2004 Retest²
991 1953 1081 2029 pars
1111 1955 1179 2004 sua
1207 1930 1246 2004 in

147 2030 290 2104 allodiis
320 2031 442 2104 fuerat
468 2033 683 2130 assignata,
712 2055 805 2146 quas
833 2031 984 2146 quidem
1009 2041 1137 2131 partes
1161 2031 1246 2146 ipse

147 2154 299 2203 sorores
331 2131 367 2203 iu
394 2132 560 2228 partibus
589 2133 658 2206 sibi
684 2131 817 2206 vicinis
845 2133 920 2204 iam
947 2143 1038 2205 tunc
1062 2132 1245 2231 temporis

146 2234 346 2323 tenebant
382 2253 609 2303 concessum
638 2231 774 2301 fuit³
765 2257 800 2303 m
831 2232 1087 2305 contrahendo
1118 2233 1246 2304 matri·

147 2328 273 2402 monio
294 2332 389 2428 quod
411 2333 724 2428 quandocumque
738 2330 923 2404 Henricus
944 2354 1073 2404 comes
1088 2331 1245 2404 Namur-

147 2430 272 2504 censis
306 2433 526 2525 decederet,
562 2430 685 2504 omnia
719 2431 799 2504 eius
833 2431 968 2505 allodia
1001 2444 1039 2506 et
1066 2433 1175 2507 feoda
1208 2443 1247 2506 et

143 2541 246 2604 terre
276 2532 476 2605 censuales
504 2533 549 2604 ad
567 2531 802 2630 sepedictum
821 2531 1046 2606 Balduiuum
1066 2534 1243 2607 comitem

145 2632 427 2706 Hanouiensem
457 2643 495 2706 et
522 2633 603 2706 eius
628 2657 785 2706 uxorem
803 2634 948 2707 Alidem
973 2643 1160 2707 eteorum
1180 2634 1245 2709 he·

143 2735 254 2806 redes
274 2734 449 2808 redirent
489 2734 656 2808 Evolutis
673 2735 807 2807 deiude
821 2734 1105 2834 quampluribus
1121 2734 1245 2848 annis,

144 2834 349 2908 Balduiuus
369 2857 498 2908 comes
519 2847 557 2908 et
575 2835 656 2908 eius
673 2859 766 2907 uxor
778 2835 908 2932 Alitis,
927 2860 948 2907 a
964 2833 1132 2909 duabus
1122 2834 1243 2934 ipsius

144 2935 259 3009 Alidis
279 2936 483 3030 sororibus,
503 2961 661 3048 quarum
683 2961 755 3008 una
769 2937 921 3009 domino
937 2937 983 3008 de
999 2935 1152 3030 Roseto‚
1171 2935 1244 3008 alia
1286 3002 1288 3006 .

145 3037 295 3108 domino
322 3039 368 3109 de
396 3036 543 3133 Spiuoit
568 3037 742 3108 maritata
768 3035 858 3129 fuit,
892 3044 1039 3131 partem
1070 3059 1179 3109 suam
1204 3036 1242 3106 in

145 3136 289 3210 allodiis
317 3135 580 3232 acquisierunt.
625 3135 740 3232 Igitur
769 3157 854 3204 cum
880 3133 1085 3206 Balduiuus
1113 3157 1243 3206 comes

143 3237 397 3310 Hauoniensis
423 3246 460 3308 et
486 3235 567 3308 eius
594 3257 688 3306 uxor
704 3232 842 3328 Alidis
870 3232 1006 3306 saltem
1034 3232 1072 3304 in
1097 3232 1259 3306 allodiis

141 3337 294 3410 vivente
311 3337 430 3410 eciam
447 3335 607 3410 Henrico
624 3335 773 3430 comite,
787 3287 864 3407 tris
880 3343 1008 3432 partes
1023 3333 1245 3407 debuissent

141 3439 353 3536 possidere,
372 3447 499 3510 tamen
519 3461 586 3534 pro
606 3440 704 3511 bono
722 3434 827 3549 pacis
847 3433 1098 3582 compositum
1117 3434 1186 3508 fuit
1204 3446 1244 3509 ut

141 3539 327 3612 Henricus
348 3561 477 3611 comes
496 3536 765 3611 Namurcensis
785 3546 822 3608 et
841 3532 993 3609 Roche⁴
1011 3547 1050 3609 et
1066 3537 1242 3611 Luscele·

141 3641 272 3734 borch
292 3662 337 3712 ea
352 3642 438 3712 dum
455 3638 601 3712 viveret
612 3647 773 3728 teneret.
794 3647 831 3711 et
845 3650 931 3735 pust
944 3635 1025 3710 eius
1040 3639 1241 3710 decessum

142 3695 272 3813 omniai
289 3739 423 3813 allodia
444 3763 529 3810 cum
550 3738 667 3812 leodis
683 3748 720 3810 et
735 3737 816 3811 aliis
831 3737 944 3812 terris
958 3739 1002 3809 ad
1017 3737 1241 3811 Balduiuum

143 3843 321 3914 comitem
349 3850 386 3914 et
413 3841 458 3912 ad
484 3839 630 3912 Alidem
658 3837 889 3912 comitissam
919 3837 1000 3913 sine
1028 3837 1242 3935 calumpnia

145 4041 169 4110 1)
190 4037 367 4106 Clementiae,
386 4049 486 4112 nuptae
507 4037 633 4095 Conrado
651 4036 837 4109 zaringiorum
857 4039 929 4094 duci.
958 4037 990 4095 B
1065 4036 1092 4109 2)
1111 4032 1241 4102 Bustrici,

144 4113 286 4170 Goutberii
306 4112 471 4168 Retestensis
491 4113 597 4168 comitio
622 4112 706 4165 uxori.
746 4110 777 4167 B.
847 4111 897 4184 3)
924 4108 1243 4175 ct.A.Pinchan‚1)o

142 4186 330 4241 l'inteodation
350 4189 387 4240 du
406 4194 494 4242 comte
513 4187 547 4242 de
566 4183 669 4239 Namur
688 4201 722 4236 au
743 4189 831 4239 comte
850 4187 884 4239 de
903 4183 1033 4238 Hsinaut
1058 4182 1139 4239 llour
1160 4181 1242 4239 teto.

144 4277 169 4331 p.
193 4261 236 4314 15.
311 4259 338 4332 4)
358 4257 395 4313 La
415 4259 518 4315 Roclro
968 4328 988 4371 *
