3066 4788
288 396 340 486 24
647 414 651 422 ’
694 387 977 464 GlSLllBE‘RTl

242 629 244 633 ·
288 593 354 669 ecd
371 595 490 688 ipim
508 590 670 666 codicem
685 591 927 664 Poririensern
943 587 1008 661 ttr.
1028 588 1140 682 5995,
1158 585 1389 660 membrano·

289 717 392 768 centn
408 717 504 768 saec.
523 690 597 766 XV.
624 694 663 764 in
688 691 799 786 folio,
826 714 931 787 quem
958 712 1072 786 oeque
1099 712 1145 761 oc
1170 687 1332 760 codicem
1355 695 1386 761 1.

289 793 502 870 Berolinum
518 795 669 877 mireum
688 791 906 866 contulimus
923 793 1004 885 ipsi.

365 894 556 970 Editionea
573 899 722 966 enatant
738 891 854 966 dnae:

364 996 391 1067 l.
428 993 629 1070 Gisleberti
647 992 820 1068 Balduini
845 991 963 1090 quinti
988 989 1211 1066 Harmoniae
1239 989 1391 1063 comitis

290 1095 506 1172 cancellarii
525 1094 702 1186 chronica
721 1092 961 1186 Harmoniae,
989 1117 1088 1165 nunc
1107 1091 1271 1190 primum
1290 1091 1393 1165 edita

290 1220 383 1270 cura
396 1207 434 1272 et
447 1197 570 1269 studio
585 1194 815 1271 marchionis
830 1194 890 1266 Du
905 1193 1113 1289 Chastelen
1132 1192 1391 1266 Bruxeliensis

290 1297 509 1371 academiae
535 1296 640 1370 socii.
691 1295 886 1370 Accedunt
910 1304 1023 1368 notae
1051 1295 1169 1367 altero
1198 1293 1392 1368 volumine

291 1398 603 1496 comprehensae.
655 1395 842 1470 Bruxellis
868 1395 968 1494 typis
998 1393 1257 1468 Emmanuelis
1283 1394 1389 1468 Flon.

291 1497 612 1572 MDCCLXXXIV.
633 1499 670 1570 in
689 1485 742 1571 4⁰?
758 1538 807 1552 -
824 1494 958 1570 Editor
976 1495 1101 1568 eodem
1121 1495 1244 1568 codice
1261 1519 1392 1568 monu-

291 1601 441 1695 seripto‚
473 1622 544 1695 qno
570 1622 649 1695 nos,
680 1621 769 1671 usus
799 1596 886 1672 esti.
939 1595 1104 1668 Attamen
1135 1595 1243 1669 editio
1274 1596 1392 1669 multu

292 1706 412 1773 movet
427 1699 622 1795 desideria,
651 1705 768 1772 tecue
786 1699 1014 1795 aliquantum
1032 1703 1239 1791 corruptus,
1264 1695 1392 1770 abbre-

291 1804 472 1874 viationes
490 1804 638 1894 saepius
655 1825 729 1874 non
747 1799 961 1894 intellectae,
981 1805 1092 1870 notae
1111 1821 1234 1870 omnes
1253 1796 1392 1871 deside·

292 1909 443 1996 rantur,
469 1925 578 1999 qnos,
603 1905 768 1997 quamvis
793 1903 935 1972 numeri
961 1922 1087 1971 eorum
1113 1897 1230 1971 ubivis
1253 1903 1329 1970 iam
1352 1903 1393 1971 in

292 2001 519 2096 marpinibus
547 1999 667 2073 additi
693 2005 784 2093 sint,
811 2023 998 2096 nunquam
1017 2023 1092 2071 esse
1111 2002 1298 2086 confectus
1317 2024 1392 2072 cre-

292 2101 381 2174 dom
391 2101 415 2174 ².
1421 2117 1424 2124 ⁴

368 2201 414 2276 Il.
443 2201 559 2275 Multo
583 2204 781 2295 perfectior
799 2207 852 2274 cst
870 2198 980 2272 editio
1007 2183 1277 2274 incollee'tione
1293 2201 1391 2275 Bou·
1458 2269 1461 2276 .

294 2306 468 2399 quetionu
488 2303 583 2398 XIII,
602 2303 814 2377 ott-580.
844 2299 970 2395 XVIII,
990 2303 1062 2374 363
1076 2304 1219 2376 -439
1264 2300 1393 2396 Adepti

293 2409 382 2476 sunt
398 2402 553 2476 editores
572 2427 597 2474 u
614 2403 824 2475 marchione
841 2401 906 2472 Du
919 2401 1104 2473 cruenter
1122 2405 1267 2496 cupium
1290 2406 1392 2496 prio-

293 2507 347 2577 ris
360 2505 482 2598 portis
501 2503 584 2600 (uiri
597 2509 718 2575 tomen
733 2526 776 2574 en
789 2524 915 2574 eornm
927 2503 1091 2600 instituto
1106 2502 1289 2598 quaedam
1304 2507 1393 2575 omi·

293 2602 452 2699 serunt),
479 2605 517 2676 in
533 2603 714 2676 volumine
731 2603 767 2674 X
770 2602 857 2674 Vm.
876 2600 1075 2674 secundnm
1103 2602 1294 2677 editionem
1315 2609 1393 2698 pri·

294 2707 455 2776 morinen
473 2708 693 2798 repetierunt
715 2726 807 2796 opus
826 2705 969 2799 possim
988 2727 1031 2775 en
1047 2704 1182 2777 Iacobo
1202 2704 1247 2776 de
1266 2705 1394 2778 Gnieio

296 2811 512 2898 correctum,
540 2803 655 2877 obicis
673 2812 783 2876 notos
802 2803 1035 2900 adiiciebant,
1062 2828 1219 2902 quornm
1248 2805 1394 2902 aliquos

295 2907 499 3000 repetimua

371 3006 413 3078 In
431 3029 538 3078 nsum
555 3028 663 3078 snum
680 3012 864 3079 verterunt
880 3003 1054 3079 Nostrum
1080 3013 1209 3080 nector
1234 3006 1394 3079 chronici

295 3104 474 3180 Bn'ldnini
483 3105 508 3202 ³,
527 3106 698 3202 Aepidius
711 3105 1024 3182 dureoeoolleneis
1038 3131 1119 3201 cop.
1135 3111 1171 3201 3,
1185 3106 1394 3180 Balduinns

299 3277 323 3346 1)
343 3275 470 3332 Attamen
485 3277 596 3332 alterius
609 3281 720 3342 codicis,
740 3298 812 3332 nunc
825 3280 933 3333 latentis
947 3279 1064 3330 habebat
1083 3277 1224 3340 notitiam..
1254 3275 1394 3334 Habemus

296 3352 348 3407 hae
368 3353 402 3402 dc
422 3367 451 3404 re
471 3351 573 3404 litteras
593 3352 642 3403 riri
663 3354 756 3406 beatae
777 3353 922 3406 memoriae
941 3349 983 3402 De
1004 3349 1081 3412 llam,
1105 3349 1168 3401 olim
1196 3351 1307 3404 rectoris
1329 3353 1394 3406 uni-

297 3423 431 3476 versitatis
451 3421 635 3486 Lemniensis,
656 3442 679 3476 a.
702 3423 773 3476 1864
792 3429 825 3478 ad
845 3424 979 3477 Pertzium
1001 3423 1126 3484 directas,
1146 3423 1174 3476 in
1194 3425 1292 3494 quibus
1313 3426 1392 3479 haec:

297 3495 392 3558 „nans
412 3513 448 3548 un
468 3506 578 3566 rapport
597 3501 633 3550 du
652 3497 699 3552 22.
718 3495 792 3551 Mars
815 3495 894 3560 1784,
915 3499 1023 3548 adresse
1043 3513 1076 3554 au
1096 3506 1185 3550 comte
1205 3501 1239 3550 de
1258 3497 1393 3568 Belgium,

296 3569 316 3620 il
337 3569 376 3621 dit
395 3585 448 3638 que
467 3567 644 3638 l'impression
659 3572 693 3625 de
707 3569 844 3625 Gislebert
864 3577 904 3622 est
918 3568 1042 3630 aohevee,
1063 3571 1130 3623 mais
1150 3569 1214 3642 qu'il
1235 3589 1268 3624 en
1288 3575 1394 3626 retardo

298 3643 324 3694 la
340 3640 511 3710 publication
531 3660 598 3711 pour
617 3645 724 3698 verilier
743 3661 776 3695 au
796 3641 848 3697 Με.
869 3640 975 3712 qn'on
996 3641 1178 3702 m’essure.
1200 3643 1393 3712 ajoute-t-il‚

297 3715 372 3768 ene
392 3715 469 3782 plus
489 3716 612 3770 ancien
633 3735 698 3788 que
717 3715 810 3769 celui
836 3733 904 3786 que
924 3715 976 3769 les
996 3717 1112 3770 dames
1139 3717 1393 3774 ohanninessea

299 3789 340 3840 do
360 3783 427 3840 Ste.
449 3784 599 3842 Waudru
619 3799 677 3842 ont
697 3789 775 3842 bien
803 3788 903 3842 roulu
924 3805 972 3842 me
992 3790 1161 3843 confier.“
1200 3789 1307 3854 Quibus
1324 3808 1393 3844 eon-

297 3860 447 3914 ditionibus
467 3864 553 3916 codex
572 3862 686 3916 Sanctae
706 3859 892 3916 waldetrudis
911 3865 989 3916 datus
1009 3864 1043 3916 sit
1068 3863 1216 3916 marchioni
1242 3864 1394 3934 supradicto

297 3934 378 3986 docet
397 3933 528 3988 resolutio
549 3935 666 4006 capituli,
687 3952 766 4004 quam
787 3935 841 3988 luci
861 3936 935 3989 dedit
951 3935 1085 3989 Derillera
1104 3937 1123 3989 l.
1137 3955 1160 3990 c.
1175 3935 1197 3988 1.
1217 3937 1244 3989 in
1264 3939 1409 4007 glossario.

296 4023 326 4077 p.
345 4002 465 4059 xxvii.
539 4009 567 4077 2)
587 4007 620 4062 V.
641 4008 698 4060 eius
718 4008 911 4078 praelationem
928 4011 962 4063 ad
983 4010 1079 4070 linem;
1098 4013 1132 4063 de
1146 4011 1256 4064 historia
1270 4011 1394 4064 editionis

297 4096 323 4134 v.
343 4095 452 4150 quoque
473 4078 605 4134 Devillers
625 4079 643 4136 l.
665 4099 686 4135 c,
708 4079 728 4134 l.
748 4099 774 4152 p.
789 4079 892 4136 xxvn
913 4101 954 4152 sq,
1028 4083 1054 4152 3)
1075 4081 1131 4136 Cir.
1151 4083 1271 4138 Annales
1291 4093 1394 4139 nostroe

298 4144 418 4216 1Χ,369
432 4171 490 4224 sqq.
530 4153 590 4208 lloc
609 4155 642 4210 de
662 4153 790 4208 chronico
811 4156 836 4208 in
857 4155 1024 4226 praefatione
1044 4157 1078 4209 ad
1098 4155 1226 4210 Baloutni
1245 4161 1278 4212 de
1297 4156 1394 4212 Aren-

297 4223 340 4279 nir
359 4225 531 4297 genealogias
551 4227 656 4300 longius
675 4228 865 4300 disputandum
886 4229 946 4283 erit.
