3118 4786
391 429 666 504 CHRONiCON
695 428 1006 503 HANONIENSE.
1176 433 1245 504 127

149 643 187 705 et
209 629 571 729 perPetrefontem¹
591 641 776 728 castrum,
803 632 902 728 quod
929 640 1018 704 tunc
1044 630 1082 703 in
1096 632 1337 706 -auxiliottst

149 756 219 804 suo
246 741 327 804 erat
352 755 398 804 ex
421 731 683 804 benevolentia
710 731 883 830 Hugonis
910 732 956 806 de
981 730 1078 826 Oisi,
1106 731 1247 804 domini

147 844 238 906 tunc
263 832 377 904 castri
403 831 525 926 iltius,
550 831 740 929 transivit,
769 843 807 906 ct
825 831 1060 930 Crispiacum
1079 843 1247 906 castrum

141 957 261 1004 suum
280 933 403 1006 nobile
422 933 602 1031 pervenit.
634 932 773 1006 Comes
791 957 880 1006 vero
900 933 1164 1029 Hemonensis,
1184 932 1248 1029 qui

148 1032 377 1107 Monsdidier
402 1033 599 1129 manebat,
626 1043 768 1107 terram
787 1035 832 1107 de
850 1033 990 1107 Sancto
1009 1033 1157 1130 lusto²7
1188 1058 1248 1106 ca·

148 1133 432 1232 stroepiscopi
464 1133 725 1232 Belvaconsis⁷
771 1145 809 1208 et
840 1144 982 1208 terram
1018 1137 1064 1209 de
1093 1134 1247 1208 Bretuol

148 1234 249 1333 'igne
276 1244 414 1332 totam‚
450 1245 557 1309 extra
583 1245 719 1331 castra,
739 1235 959 1330 combussit,
988 1245 1025 1310 et
1051 1261 1119 1334 pro
1139 1245 1288 1334 parter.
1303 1245 1357 1298 39¹·

148 1333 298 1407 comitis
311 1335 339 1406 F
341 1335 485 1409 landrie
500 1335 581 1409 eius
596 1360 774 1434 guerram
794 1347 923 1408 contra
942 1336 1073 1410 hostes
1091 1336 1247 1410 viriiiter

148 1446 187 1509 et
204 1434 366 1509 fideliter
384 1436 562 1510 exercuit.
589 1436 752 1510 Domino
767 1447 895 1512 autem
909 1462 1001 1536 rege
1015 1438 1247 1511 Francorum

146 1535 332 1632 Philippo,
361 1537 423 1632 qui
442 1536 646 1610 Henrioum
672 1538 860 1612 iuniorem
885 1563 1017 1636 regem
1035 1539 1247 1636 Anglorum

148 1659 235 1708 curn
255 1638 329 1709 600
342 1635 522 1708 militibus
541 1661 672 1710 secum
690 1641 863 1734 habebat,
887 1640 932 1712 ad
951 1640 1091 1712 beilum
1116 1649 1249 1711 contra

147 1735 328 1809 comitem
351 1735 620 1810 Flandrensem
643 1750 891 1836 properante,
918 1763 1047 1812 comes
1074 1737 1247 1811 Flandrie

149 1837 313 1935 undique
337 1837 511 1912 homines
532 1861 622 1910 suos
649 1839 686 1910 in
705 1838 873 1911 marchia
893 1839 1120 1911 constitutos
1140 1839 1185 1911 ad
1206 1861 1247 1911 se

148 1938 316 2029 vocavit3
353 1937 483 2011 comiti
509 1949 636 2012 autern
663 1939 913 2036 Hanoniensi⁷
949 1950 989 2011 ut
1016 1941 1063 2012 ad
1091 1963 1132 2012 se
1161 1962 1248 2011 curn

148 2037 391 2112 festinatione
404 2039 561 2136 veniret,
581 2040 782 2115 mandavit.
811 2039 883 2128 Qui
902 2063 1017 2138 super
1030 2040 1103 2113 hoc
1118 2061 1247 2112 comes

148 2136 401 2213 Hanoniensis
425 2140 584 2212 festinus
602 2140 783 2214 Torotam
813 2151 980 2214 castrum
1010 2151 1166 2238 propter
1196 2139 1249 2211 ni·

148 2237 267 2310 miam
302 2261 486 2335 aquarum
526 2240 810 2314 inundationem
843 2242 905 2313 vix
945 2241 1137 2334 transivit5
1182 2239 1247 2312 sed

148 2349 278 2412 tamen
310 2363 395 2411 cum
426 2338 557 2412 labore
585 2331 699 2411 nimio
731 2340 932 2436 transiens
964 2341 1138 2414 Causiaci
1167 2363 1249 2438 per-

149 2439 326 2512 noctavit.
379 2438 420 2510 In
444 2439 609 2512 crastino
635 2464 726 2513 vero
754 2441 991 2539 Crispiacum
1014 2441 1125 2514 venit.
1180 2439 1249 2512 Cui

150 2564 279 2613 comes
299 2540 344 2612 ad
371 2539 640 2642 hospitandum
664 2540 808 2639 largius
837 2551 874 2615 et
900 2565 1083 2638 equorum
1109 2540 1251 2640 pabula

151 2640 343 2739 copiosius
368 2641 561 2736 habenda,
592 2641 722 2714 villam
751 2641 885 2715 Feniz³
911 2642 1017 2738 vino,
1044 2642 1249 2737 frumento,

152 2765 271 2814 avena
290 2751 329 2813 et
346 2740 482 2814 ceteris
501 2741 649 2838 pabulis
669 2743 849 2815 refertam
875 2741 1073 2815 concessit.
1127 2741 1251 2813 inimi-

150 2840 255 2912 ciciis
274 2849 402 2913 autern
428 2841 525 2914 inter
543 2842 739 2915 dominum
756 2867 889 2941 regem
906 2841 1063 2916 Francie
1081 2852 1119 2915 et
1137 2841 1251 2914 corni-

149 2951 228 3014 tem
243 2939 416 3021 Flandrie
430 2941 760 3037 invalescentibus,
779 2943 954 3039 utrinque
971 2968 1040 3040 per
1058 2944 1152 3015 duos
1171 2942 1251 3015 dies

151 3042 198 3114 ad
221 3041 363 3112 bellum
385 3041 518 3113 armati
537 3042 700 3115 fuerunt.
753 3043 822 3114 Ubi
842 3066 970 3116 comcs
989 3042 1162 3115 Flandrie
1180 3043 1253 3139 pri·

152 3165 259 3213 mum
287 3140 428 3213 bollum
458 3141 709 3213 exercendum
738 3141 866 3213 comiti
894 3141 1126 3214 Hanoniensi
1153 3164 1253 3213 com·

152 3240 272 3337 misit,
292 3242 337 3314 ad
358 3241 456 3338 quod
471 3264 600 3314 comes
615 3239 867 3314 Hanoniensis
887 3251 1056 3313 armatus
1073 3240 1254 3315 vexillum

154 3366 285 3438 suurn,
310 3342 409 3439 quod
436 3341 591 3416 benetia
608 3340 754 3438 dicitur7
781 3341 930 3414 cuidam
950 3341 1198 3414 commilitoni
1217 3351 1255 3415 et

153 3442 255 3516 fideli
282 3465 350 3514 suo
377 3442 528 3541 Hugoni
556 3442 758 3539 cetron,
785 3441 895 3516 militi
920 3442 1008 3514 forti
1036 3455 1073 3516 et
1099 3466 1253 3540 magno,

155 3543 327 3616 animoso
349 3553 386 3617 et
405 3543 577 3642 sapienti,
603 3544 813 3642 gerendum
836 3542 1035 3616 commisit.
1088 3543 1253 3616 Armatis

154 3645 281 3741 itaque
308 3645 354 3716 ad
382 3643 523 3717 bellum
550 3644 703 3716 domino
729 3669 821 3743 rege
848 3644 1079 3717 Francorum
1107 3669 1152 3718 ex
1179 3669 1256 3717 una

154 3755 263 3844 parte
283 3756 319 3818 et
338 3743 477 3818 comite
496 3744 715 3819 Flandrensi
740 3770 786 3819 ex
812 3744 906 3840 alia,
933 3744 1013 3819 Deo
1033 3745 1183 3818 volente
1208 3745 1254 3815 ad

155 3846 298 3919 bellum
317 3870 556 3942 nequaquam
574 3857 837 3944 pervenerunt.
866 3845 960 3918 Cum
979 3856 1105 3919 autern
1125 3866 1254 3916 comes

152 3945 407 4020 Hanoniensis
426 3946 464 4018 in
482 3956 583 4019 terra
599 3946 739 4020 Valesii
761 3971 907 4019 moram
933 3948 1095 4041 faceret,
1124 3967 1254 4018 comes

155 4045 395 4120 Flandrensis
424 4046 618 4120 dominum
646 4046 823 4121 comitem
849 4046 1130 4120 Hanoniensem
1156 4046 1255 4144 apud

158 4201 184 4272 1)
205 4199 388 4266 Pierresonds‚
409 4221 422 4255 a
444 4201 569 4256 Scissons
589 4206 622 4256 ad
643 4204 738 4258 orient.
812 4203 840 4275 2)
860 4203 889 4258 S.
910 4203 975 4267 lust,
1002 4200 1202 4256 aMontdidier
1221 4203 1254 4254 ad

157 4275 253 4336 merid.
329 4275 354 4345 3)
375 4293 408 4328 an
431 4273 505 4329 Ver?
525 4295 539 4330 a
560 4274 663 4350 Crespy
684 4280 716 4332 ad
737 4279 833 4331 orient.
