3118 4786
308 384 380 457 108
712 379 991 457 GlSLEBEllTl

305 579 543 654 Viromandia
567 580 885 678 potentissimum.
935 580 1005 668 Qui
1032 605 1117 652 cum
1137 581 1304 653 omnium
1324 581 1411 654 lere

307 681 555 756 ecclesiarum
582 680 812 754 in·Flandria
837 681 1097 778 preposituras
1126 681 1323 776 obtineret,
1350 691 1407 752 ta-

305 806 394 854 men
414 805 552 860 nomen
572 781 752 880 prepositi
771 785 817 855 de
835 779 946 854 Aria¹
971 805 1126 879 semper
1143 768 1282 856 habuit.
1332 781 1406 868 Qui

306 883 492 956 Robertus
510 906 531 954 a
552 882 817 956 Cameracensi
841 881 1003 955 ecclesia
1032 883 1188 976 electus,
1215 879 1410 978 susceptis

305 1007 328 1055 a
355 983 505 1055 domino
533 982 761 1077 imperatore
789 983 1046 1056 Romanorum
1072 981 1269 1055 Frederico
1297 1005 1407 1078 rega·

303 1083 414 1180 libus,
441 1087 537 1156 bona
565 1083 808 1182 episcopatus
831 1083 1034 1156 studiosius
1055 1083 1154 1180 cepit
1171 1081 1410 1179 perquirere,

306 1207 422 1280 super
445 1183 578 1281 quibus
605 1193 707 1256 mota
737 1194 796 1257 est
823 1182 1078 1256 controversia
1107 1183 1346 1280 interipsum
1366 1192 1406 1254 et

303 1284 478 1359 Iacobum
494 1283 747 1360 deAvethnis.
785 1284 877 1358 Cum
898 1293 1025 1357 autem
1044 1284 1127 1380 ipse
1147 1284 1291 1355 electus
1310 1292 1406 1354 tem-

304 1409 396 1482 pore
417 1383 649 1480 autumpnali
668 1383 705 1455 in
723 1383 963 1457 Brabantiam
991 1385 1036 1456 ad
1056 1383 1227 1481 predium
1257 1383 1402 1479 episco-

304 1494 415 1582 patus
430 1483 567 1556 lllelin²
585 1485 746 1558 transire
764 1484 892 1580 vellet,
912 1485 997 1581 quia
1018 1508 1133 1582 super
1151 1483 1263 1556 minis
1280 1482 1405 1556 lacobi

303 1584 374 1658 sibi
401 1584 512 1658 illatis
539 1585 800 1680 dubitabat,.a
827 1585 976 1658 domino
1006 1585 1142 1657 comite
1170 1582 1402 1656 Hauoniensi
1500 1602 1504 1614 ‘

304 1688 529 1759 conductum
557 1708 734 1758 securum
758 1684 966 1782 requisivit,
995 1685 1053 1758 cui
1079 1686 1251 1758 dominus
1272 1708 1401 1756 comes

302 1786 426 1858 virum
451 1785 615 1859 nobilem
640 1786 870 1860 Ludovicum
897 1789 942 1858 de
967 1787 1108 1859 Frasnc
1134 1787 1400 1858 conductorem

305 1886 460 1984 prebuit.
508 1886 594 1983 Ipso
623 1897 749 1960 autem
779 1887 898 1959 electo
919 1910 987 1983 per
1005 1883 1251 1981 Condatum³‚
1279 1884 1399 1956 lacobi

306 1997 486 2081 castrum,
514 1990 656 2082 absque
682 1998 786 2060 metu
813 1987 936 2083 aliquo
955 1997 1190 2082 transeunte,
1218 1984 1400 2082 pretentis

214 2086 375 2160 1174.sibi
401 2111 421 2158 a
446 2085 670 2184 quibusdam
699 2085 819 2160 servis
847 2087 968 2160 lacobi
998 2087 1153 2182 insidiis,
1180 2086 1337 2183 turpiter
1356 2089 1403 2156 ab

195 2168 257 2228 ⁰⁰²·
268 2170 294 2225 5.
304 2187 376 2260 illis
396 2187 433 2260 in
453 2189 641 2260 descensu
660 2187 785 2286 pontis
799 2186 1020 2260 interfectus
1037 2184 1137 2260 fuitl.
1166 2187 1247 2274 Quo
1264 2185 1401 2278 audito,

305 2289 479 2362 dominus
512 2311 641 2361 comes
672 2283 945 2383 Hauonieusis,
985 2287 1070 2386 quia
1101 2287 1135 2360 id
1168 2287 1203 2358 in
1236 2289 1402 2358 dedecus

306 2413 432 2480 suum,
460 2399 588 2460 contra
613 2391 838 2461 conductum
865 2413 975 2460 suum
1003 2398 1041 2460 et
1066 2399 1194 2460 contra
1213 2396 1313 2459 terre
1333 2410 1401 2458 sue

305 2487 493 2560 iusticiam
512 2497 771 2584 perpetratum
791 2497 884 2582 erat,
907 2487 1028 2583 ipsam
1048 2488 1175 2560 villam
1194 2489 1402 2562 Condatum

305 2587 394 2684 igne
421 2587 694 2682 concremavit,
722 2599 759 2660 et
784 2599 964 2684 castrum,
991 2588 1080 2660 turri
1109 2599 1147 2660 et
1172 2587 1288 2660 muris
1314 2598 1404 2658 tunc

305 2687 489 2785 temporis
510 2686 771 2784 fortissimum,
790 2688 945 2761 obsedit.
974 2688 1080 2776 Quod
1092 2690 1245 2760 tandem
1261 2689 1305 2759 ad
1321 2687 1402 2760 eius

307 2789 538 2860 voluntatem
559 2787 595 2858 in
616 2813 749 2861 manus
771 2789 851 2861 eius
879 2789 946 2861 fuit
972 2789 1218 2885 resignatum.
1268 2787 1401 2862 Comiti

198 2889 453 2960 ’tw-*autem
473 2888 644 2960 Flandrie
663 2913 730 2984 pro
750 2888 938 2963 occisione
959 2888 1083 2962 clerici
1103 2889 1160 2961 sui
1180 2900 1217 2961 et
1236 2887 1401 2985 alumpni

308 2987 431 3062 dilecti
452 2987 714 3081 etfamiliaris,
742 3000 866 3062 castra
892 2989 1014 3063 lacobi
1033 2991 1079 3062 ad
1100 2990 1283 3061 honorem
1301 2989 1402 3060 Viro·

307 3090 556 3163 mandensem
577 3090 814 3187 pertinentia,
841 3088 979 3164 Guisa⁵
1004 3091 1146 3164 scilicet
1172 3101 1209 3162 et
1226 3087 1402 3162 Leschie·

307 3215 370 3263 res
384 3188 411 3284 ⁶,
446 3191 598 3263 luerunt
627 3192 780 3264 reddita.
833 3194 1008 3264 Attamen
1036 3191 1193 3265 lacobus
1227 3189 1402 3262 ciciorem

306 3289 564 3388 levioremque
583 3315 605 3360 a
625 3291 761 3363 comite
775 3291 945 3362 Flandrie
965 3313 1078 3386 quam
1094 3314 1113 3361 a
1130 3289 1266 3362 comite
1281 3290 1404 3362 Hauo-

307 3389 369 3460 nie
401 3413 534 3486 pacem
565 3389 704 3462 habuit.
756 3389 915 3460 Domino
946 3390 1109 3462 Roberto
1138 3388 1403 3465 Cameracensi

309 3489 429 3560 electo
455 3487 628 3560 domiuus
655 3489 833 3582 Alardus,
861 3489 1148 3564 Cameracensis
1179 3488 1339 3563 ecclesie
1366 3489 1403 3560 in

307 3587 478 3660 Hanonia
498 3587 797 3683 archidiaconus,
824 3587 878 3660 vir
897 3599 1065 3663 maturus
1086 3602 1123 3663 et
1142 3592 1339 3685 honestus,
1366 3589 1402 3660 in

309 3688 527 3786 episcopatu
548 3689 745 3763 successit.
793 3691 933 3764 Eodem
954 3715 1051 3764 anno
1075 3693 1247 3764 dominus
1273 3713 1402 3763 comes

229 3787 561 3862 DeuHanoniensis
577 3789 718 3863 curiam
735 3791 891 3864 suumin
903 3791 1017 3865 natali
1029 3792 1177 3866 Domini
1189 3790 1402 3864 hominibus

242 3879 288 3934 25⁸
310 3925 335 3998 l)
355 3922 430 3979 Aire.
469 3923 604 3979 llobcrtus
623 3926 675 3978 iam
696 3944 720 3980 a.
743 3925 822 3982 117³.
841 3927 943 3982 electus
962 3927 1149 3982 Atrebatcnsis
1175 3926 1317 3997 episcopus
1337 3933 1404 3989 erat,

307 4015 333 4052 v.
354 3995 433 4052 Cont.
453 3997 552 4070 Aquis.
572 3998 591 4052 l.
612 4016 634 4053 c.
653 4017 677 4069 p.
698 3998 761 4052 414.
811 4000 838 4062 ²l
857 3988 1115 4124 Moslin-l’Evepue¹
1138 4017 1190 4053 urr.
1212 4001 1245 4053 de
1264 3999 1402 4084 Tournap

309 4080 379 4124 caut.
401 4068 491 4126 d'Ath.
547 4071 573 4142 3)
593 4069 698 4126 Conde'.
759 4072 786 4138 4)
807 4071 849 4127 Cl.
871 4071 953 4128 Gesta
973 4091 1032 4143 epp.
1077 4089 1192 4126 aurorae.
1212 4071 1290 4127 Cont.
1310 4069 1348 4125 Μ.
1369 4069 1402 4124 (r.

309 4142 359 4198 SS.
381 4141 439 4207 Vll,
460 4143 523 4200 509.
578 4143 604 4212 5)
624 4141 717 4198 Guise.
775 4143 801 4216 6)
822 4144 986 4220 lesquielles
1005 4143 1047 4199 rel
1067 4143 1214 4216 Loquiellc,
1234 4145 1262 4199 in
1283 4143 1402 4198 districtu

275 4271 283 4292 ι
309 4233 389 4288 quem
409 4216 502 4271 dicunt
519 4214 613 4274 Aiane.
953 4233 955 4237 ’
