3118 4786
395 427 1010 543 cunemannuanonnnsn.
1175 427 1299 504 *aaa
1405 435 1428 446 2.

145 629 323 728 satisque
342 629 772 730 placera'dehoit,cum
793 630 884 730 ipse
908 651 978 731 par
999 629 1253 730 nancpacenr
1266 643 1354 702 nas.w

146 755 229 831 ¹nnn
254 731 381 806 sulum
411 732 579 806 honores
610 732 827 806 nominatos
855 732 1098 828 moraretur,
1122 752 1254 805 uerum

152 831 276 910 eciam
307 831 533 906 Noricorum
564 832 755 907 nvitatem
788 857 897 908 suam
927 842 966 906 et
992 833 1189 908 Corlreiarn
1218 843 1257 906 et

147 933 461 1016 lllooaateriolum
479 938 596 1033 supra
615 933 747 1008 marc1
772 944 820 1008 et
828 934 1009 1009 Sanctum
1028 932 1257 1008 nicaenum*

151 1035 203 1116 in
213 1034 408 1131 Pontiano.
435 1035 542 1108 villas
569 1037 722 1134 regales
749 1033 890 1110 viribus
916 1033 1065 1108 comitis
1083 1034 1256 1108 Flandrie

148 1135 338 1218 Meterius
357 1137 533 1213 astrictas
549 1147 590 1210 ct
608 1136 688 1212 suis
708 1133 844 1210 castris
868 1135 1136 1232 cirurmdatas,
1164 1137 1256 1208 ulte

149 1235 230 1314 rins
249 1237 289 1310 in
306 1260 402 1335 pace
421 1247 458 1310 et
478 1241 523 1312 ad
543 1261 652 1312 suam
671 1238 905 1310 voluntatem
920 1239 1087 1312 haberet
1120 1237 1254 1313 Comiti

149 1348 303 1420 sutem
312 1339 544 1411 Hanoniensi
581 1363 656 1412 non
687 1339 780 1413 satis
818 1339 980 1437 placuit
1016 1361 1102 1412 cum
1139 1361 1257 1437 super

148 1438 327 1551 dampnis
348 1440 427 1512 sais
451 1451 490 1513 et
513 1441 710 1516 horninum
737 1463 891 1514 suorum
913 1450 951 1512 et
968 1441 1173 1538 grandibus
1191 1463 1256 1512 ert

148 1540 286 1637 pensis
304 1549 350 1614 et
360 1541 471 1614 malis
489 1542 617 1615 multis
637 1566 659 1614 a
678 1543 815 1615 comite
833 1542 1006 1614 Flandrie
1025 1552 1063 1613 et
1081 1564 1101 1612 a
1121 1542 1255 1614 lacobo

148 1643 200 1720 dc
219 1641 401 1715 Avetlrnis
428 1641 541 1714 illatis
565 1642 768 1740 plurimum
787 1641 943 1715 doleret.
959 1621 1193 1715 Attamen
1183 1643 1255 1740 rpsi

149 1739 287 1820 tacebo
315 1753 353 1815 et
378 1742 445 1814 toti
470 1752 572 1816 terre
595 1767 665 1815 sue
688 1743 824 1816 tamin
843 1743 1015 1815 Hanania
1035 1765 1147 1840 quam
1167 1743 1255 1816 Bra·

150 1843 278 1922 bootia
305 1845 468 1940 dampna
498 1843 614 1916 multa
625 1844 769 1957 ,predis
801 1854 837 1915 et
869 1841 957 1940 igne
989 1853 1027 1915 et
1057 1843 1254 1916 hominum

150 1944 329 2041 captione
346 1955 383 2018 et
402 1956 523 2017 morte
543 1943 656 2017 nimia
682 1946 907 2018 detrimenta
936 1945 1086 2016 fecerat.
1131 1943 1257 2018 Domi-

153 2070 226 2118 nus
254 2055 381 2118 autem
409 2069 476 2118 rex
504 2045 680 2119 comitem
708 2045 993 2118 hanoniensem
1020 2044 1128 2143 quasi
1146 2043 1255 2118 llexis

149 2144 313 2241 genibus
341 2156 536 2244 umquam
565 2157 713 2245 patrem
741 2171 851 2219 suum
880 2157 918 2218 et
946 2171 1138 2220 summum
1169 2155 1257 2244 post

152 2247 275 2320 Deum
295 2246 555 2319 auxiliatorem
576 2251 720 2341 orabat,
738 2257 778 2319 ut
794 2246 881 2318 hnic
896 2247 979 2344 paci
994 2247 1256 2343 acquiesceret

149 2371 221 2446 pro
246 2346 372 2445 ipsius.
393 2347 495 2445 regis
523 2357 627 2420 tanto
657 2347 903 2420 incremento.
958 2346 1095 2419 Videas
1125 2357 1254 2419 autem

153 2471 283 2522 comes
302 2449 555 2522 Hanoniensis
574 2447 714 2522 domini
733 2448 857 2545 regis,
884 2448 1015 2544 generi
1034 2447 1113 2541 sui,
1140 2448 1256 2520 maxi·

153 2573 258 2622 mum
276 2550 431 2623 honoris
450 2550 727 2624 incrementum
756 2559 793 2622 et
810 2549 963 2622 honoris
984 2549 1131 2622 comitis
1150 2549 1256 2622 Flan-

154 2651 233 2723 drie
260 2651 466 2725 maximum
495 2653 776 2748 detrimentum,
801 2653 899 2748 quod
927 2655 973 2723 ab
1002 2649 1189 2722 universis
1209 2673 1254 2722 ex

155 2762 314 2848 utraque
333 2763 440 2849 parte
457 2751 494 2824 in
510 2750 696 2846 colloquio
714 2757 762 2824 ab
776 2751 858 2849 ipso
872 2752 1009 2823 comite
1024 2751 1256 2824 Hanoniensi

152 2854 361 2950 procedere
374 2853 579 2948 dicebatur,
599 2852 779 2924 voluntati
800 2853 919 2951 ipsius
938 2851 1040 2949 regis
1055 2852 1256 2949 acquievit,

150 2962 192 3026 ,et
222 2955 382 3026 eandem
408 2977 542 3052 pacem
571 2954 649 3026 lieri
676 2954 861 3048 laudavit,
889 2954 1039 3025 domino
1064 2977 1157 3050 rege
1186 2953 1255 3028 sibi

154 3057 252 3128 bona
280 3054 397 3125 multa
424 3053 686 3151 promittente,
722 3055 788 3124 sed
822 3077 895 3124 non
924 3055 1017 3125 satis
1046 3056 1254 3126 secundum

153 3152 342 3252 promissa
357 3156 402 3226 ad
419 3153 584 3226 maiores
601 3153 852 3224 necessitates
867 3163 1133 3249 prosequente.
1170 3155 1255 3226 Pre-

153 3254 251 3330 dicta
272 3265 395 3330 castra
410 3257 559 3328 Aenore
579 3253 773 3328 comitisse
789 3253 1024 3326 Bellimontis
1043 3252 1160 3327 libere
1179 3254 1256 3326 fue·

153 3366 241 3428 runt
266 3356 427 3448 reddita3
455 3356 526 3430 alia
556 3380 660 3450 vero,
688 3355 785 3427 sicut
803 3355 1074 3451 supradictum
1096 3365 1167 3451 est,
1194 3357 1256 3427 do-

155 3458 257 3530 mino
278 3457 358 3555 regi
379 3467 551 3554 ctregno
571 3455 755 3554 exipsius
776 3455 969 3529 comitisse
988 3479 1151 3529 assensu
1180 3457 1257 3529 fue·

153 3569 240 3636 ruant
267 3559 412 3631 tradita.
465 3560 547 3646 Que
576 3559 713 3632 'castra
746 3583 765 3630 a
800 3558 937 3630 comite
968 3558 1186 3630 Flandrensi
1219 3569 1369 3631 etune.
1448 3647 1450 3652 Ι

153 3659 440 3733 viromandensi
459 3659 602 3732 reddita
618 3671 697 3732 tam
716 3659 867 3757 propria
884 3683 996 3758 quam
1012 3660 1121 3732 feoda
1136 3681 1256 3757 usque

154 3764 199 3840 sd
220 3762 269 3836 65
296 3785 381 3834 cum
407 3785 480 3833 unu
510 3760 673 3855 civitate,
699 3761 944 3833 Ambianensi
972 3758 1127 3858 scilicet,
1155 3784 1257 3831 com·

153 3872 282 3960 potata
303 3863 464 3935 luerunt.
510 3862 617 3935 Patet
642 3861 757 3958 igitur
772 3865 821 3935 de
838 3863 949 3934 malis
969 3885 1042 3958 que
1062 3885 1130 3960 per
1147 3859 1256 3933 Lem·

152 3964 337 4060 bachum,
365 3963 462 4037 sicut
489 3986 602 4061 supra
630 3962 870 4057 dictumest,
898 3972 1108 4035 evenerunt
1127 3972 1256 4036 contra

155 4064 331 4138 comitem
344 4064 627 4138 Hanoniensem
642 4062 778 4162 primo,
793 4063 926 4136 deinde
939 4074 1068 4138 contra
1081 4063 1255 4136 lacolsnm

154 4166 200 4238 dc
219 4167 389 4262 Avetnis,
407 4176 540 4265 postea
561 4175 690 4256 contra
706 4163 888 4238 comitem
907 4164 1088 4237 Flandrie.
1116 4165 1257 4239 Comes

155 4294 179 4366 l)
198 4293 505 4352 Montreuil-sur-rner.
580 4297 607 4368 2)
628 4294 847 4366 Salat-Riquier.
