3002 4790
154 399 219 428 ‘¹
328 421 402 494 222
620 477 624 484 .
739 417 1017 492 2222222222

239 617 540 693 22222122ῃί2221
556 620 602 691 ad
617 643 752 716 preces
767 619 914 693 comitis
924 619 1095 693 Flandrie
1106 619 1188 696 duci
1198 619 1460 693 Louanien'si

61 711 110 738 ⁸⁸*
329 720 438 794 leuda
475 744 543 794 sua
568 720 746 817 reddidit,
773 719 874 794 'nullo
902 720 1092 794 mediante
1119 732 1299 818 argentoq
1348 745 1456 794 cum

327 821 412 918 ipse
430 824 573 920 absque
592 821 708 894 multo
724 775 885 920 airgento
905 843 979 894 222
999 820 1244 920 reddidisset
1271 822 1353 896 nisi
1380 847 1456 896 22-

302 954 308 1025 ¹.
329 919 431 996 mitis
449 921 620 996 Flandrie
632 946 774 1037 preces
793 922 1113 996 intercessissent.

307 1041 320 1050 ·’
404 1021 508 1096 Τ222
541 1022 727 1121 temporis
760 1025 844 1122 ipse
887 1027 960 1098 dux
995 1022 1243 1098 Lovaniensis
1276 1033 1448 1110 terrane

327 1123 594 1198 Boloniensem
612 1149 682 1222 per
698 1125 797 1198 vires
818 1124 966 1199 comitis
984 1124 1155 1200 Flandrie
1174 1103 1446 1223 possidebat2.

326 1223 484 1300 Dicebat
510 1225 610 1300 enim
648 1249 777 1300 comes
802 1226 976 1300 Flandrie
1001 1250 1116 1325 supra
1151 1235 1291 1299 terram
1323 1227 1445 1300 illam

298 1325 583 1419 ‚vadimonium
609 1327 794 1403 5milium
812 1327 998 1403 librarum
1016 1327 1445 1427 1222222022οάᾳυί-

327 1429 412 1500 dem
432 1437 631 1526 argentum
650 1428 773 1501 eidem
793 1425 913 1501 duci
903 1452 940 1500 m
965 1429 1075 1503 leudo
1101 1431 1275 1524 22212222,
1302 1355 1380 1501 etq
1368 1453 1443 1502 ex·

326 1527 436 1625 pulsa
459 1529 541 1603 Yda
569 1529 762 1602 comitissa
787 1539 901 1627 nepte
928 1553 1019 1628 sua,
1045 1540 1185 1602 terram
1212 1529 1314 1601 illam
1341 1531 1438 1604 duci

326 1628 552 1704 Lovaniensi
581 1629 689 1728 quasi
719 1629 756 1702 22
788 1630 897 1704 vadio
928 1631 1201 1729 assignaverat.
1250 1631 1437 1729 Oportuit

324 1740 453 1804 autem
472 1733 607 1806 ducem
625 1729 922 1829 tovaniensem,
948 1743 1151 1847 antequam
1171 1731 1321 1804 dominu
1341 1733 1433 1830 regi

325 1831 468 1906 laceret
494 1831 717 1948 hpminium,
742 1832 910 1906 hominio
930 1833 1078 1906 comitis
1096 1832 1266 1906 Flandric
1285 1857 1432 1906 rcnun

326 1931 448 2028 ciare3
475 1934 711 2048 quicumque
721 1934 820 2006 enim
847 1935 884 2007 22
907 1933 1066 2031 imperio
1086 1933 1263 2034 principis
1282 1936 1430 2032 gaudet

324 2032 544 2131 privilegio,
570 2033 712 2106 nemini
734 2035 943 2108 hominium
962 2035 1089 2108 facere
1107 2044 1234 2133 potest
1252 2037 1315 2134 qui
1333 2059 1426 2108 con·
1493 2045 1495 2104 t

327 2145 497 2208 secretus
516 2135 917 2231 222122222,12222’222
937 2135 1103 2209 12222222
1121 2137 1249 2210 facere
1267 2137 1424 2241 regibus
1493 2125 1495 2214 l

324 2239 584 2310 tantummodo
611 2247 648 2310 et
673 2237 860 2338 episcopis
889 2248 926 2311 et
952 2237 1146 2312 abbatibus
1175 2238 1237 2360 qni
1268 2234 1422 2335 regales
1493 2239 1495 2340 l

325 2336 507 2410 dicuntur.
1493 2343 1495 2396 2

300 2467 308 2536 q
427 2440 520 2513 Cum
548 2427 672 2512 22222222
703 2442 775 2512 dux
800 2439 1046 2513 Luvaniensis
1066 2439 1250 2513 Henricus
1270 2440 1420 2520 domino

280 2538 409 2636 .‘regi
435 2539 691 2612 Romanorum
724 2539 881 2614 fecisset
911 2539 1141 2634 hominium
1139 2559 1143 2568 “
1176 2539 1354 2614 residenti
1382 2542 1417 2612 in

327 2639 489 2714 claustro
516 2641 788 2714 monachorum
811 2651 951 2738 magno
972 2651 1009 2713 et
1028 2644 1202 2740 spacioso
1222 2666 1307 2715 cum
1327 2643 1418 2714 mul-

326 2741 375 2816 tis
393 2740 621 2856 principibus
641 2753 679 2816 et
696 2741 881 2816 nubilibus
897 2751 934 2814 et
952 2742 1129 2815 militibus
1146 2742 1294 2816 circiter
1308 2746 1416 2839 4000,

326 2841 485 2916 nuncius
516 2843 662 2917 comitis
686 2842 962 2940 Η2222222222,
988 2843 1221 2917 Gislebertus
1247 2797 1416 2939 clericus,

325 2941 512 3017 universis
541 2944 776 3019 audientibus
801 2943 1089 3038 stridentibus,
1116 2945 1260 3038 litteras
1280 2945 1415 3018 domini

327 3026 562 3120 Coloniensis
590 3057 627 3120 et
653 3045 798 3140 12222222
824 3045 963 3119 domini
984 3046 1130 3119 comitis
1150 3045 1415 3124 Namurcensis

327 3156 365 3219 et
389 3146 665 3222 Lusceleborch
692 3169 808 3243 super
832 3171 926 3245 pace
956 3146 1052 3220 lacta
1080 3171 1165 3220 cum
1201 3147 1413 3220 testimonio
1494 3153 1496 3172 ²

327 3248 482 3324 Gerardi
502 3247 647 3321 comitis
667 3250 713 3320 de
731 3247 805 3320 Lon
833 3258 871 3320 et
890 3250 1137 3362 quorumdam
1157 3247 1318 3321 aliorum
1340 3260 1413 3321 tam
1494 3247 1495 3254 '

326 3349 504 3425 nobilium
524 3373 637 3461 quam
664 3347 976 3462 ministerialium,
1002 3349 1064 3446 qui
1089 3373 1171 3448 paci
1163 3349 1289 3423 lacte
1308 3350 1414 3423 inter-

326 3451 493 3545 fuerant,
521 3448 674 3522 domino
694 3449 774 3546 regi
797 3449 1052 3522 Romanorum
1078 3450 1251 3549 porrexit.
1294 3450 1414 3524 Domi-

325 3577 397 3626 nus
420 3561 548 3624 autern
568 3573 635 3622 2222
658 3549 844 3622 universis
869 3549 1103 3625 audientibus
1129 3551 1217 3624 dixit
1219 3555 1353 3649 ‚quod
1367 3545 1410 3624 de

324 3655 513 3727 Namurco
532 3659 569 3722 22
588 3651 633 3721 de
652 3649 791 3723 Durbui
820 3662 856 3724 et
882 3653 927 3724 de
947 3652 1074 3725 llocha
1094 3653 1302 3725 marchiam
1321 3653 1411 3726 fece-

326 3764 396 3845 222,
417 3761 454 3824 22
469 3773 554 3822 eam
569 3751 695 3824 comitr
704 3751 935 3827 Hanonrensr
944 3753 1154 3826 Baldumo
1145 3778 1180 3825 22
1202 3754 1311 3827 feudo
1329 3753 1409 3866 ligip
1494 3767 1496 3770 ’

326 3853 500 3946 dederat,
529 3861 566 3924 et
589 3867 674 3928 eum
699 3853 956 3929 marchionem
979 3864 1016 3927 et
1038 3853 1244 3964 principem
1271 3853 1407 3954 imperii

241 4016 245 4024 ·
327 3991 352 4060 1)
372 3987 463 4056 Quum
490 3993 536 4042 222
555 3985 630 4060 Sept.
648 3989 694 4044 2l.
720 3989 892 4061 Wimpinae,
922 3989 996 4060 Sept.
1016 3991 1061 4044 29.
1091 3989 1229 4059 Augustae
1257 3992 1405 4054 inveniatur,

325 4063 398 4117 nulla
419 4063 469 4116 alia
491 4062 548 4116 dies
567 4061 708 4118 Dominicr
735 4074 819 4118 restat
843 4065 893 4118 nisi
919 4062 994 4134 Sept.
1013 4063 1058 4118 24.
1138 4064 1166 4134 2)
1187 4064 1300 4120 Uxorem
1320 4065 1405 4136 quippe
1495 4075 1496 4078 ’

326 4139 439 4192 duxerat
458 4135 631 4192 lovaniensis
656 4155 745 4192 222222
766 4136 900 4192 1122222222
920 4136 1096 4200 2120221222),
1126 4138 1207 4194 liliam
1228 4137 1406 4192 1120222241-

326 4212 395 4274 22122,
415 4213 505 4272 1222222
524 4208 640 4282 Philippi
661 4212 765 4266 comitis
785 4210 971 4274 Flandrensis‚
998 4229 1030 4264 22
1049 4227 1101 4282 qua
1129 4212 1240 4266 2222122222
1264 4220 1405 4282 susceperat

327 4286 455 4340 subolem.
494 4283 527 4338 B.
