840 1271
133 994 148 1008 Ἰ.
154 994 182 1008 ὅθ’.

196 137 233 155 240
398 133 542 155 GISLEBERTI

150 186 275 205 “nfideliter
282 187 361 215 egisset,
371 192 414 215 cuin
424 187 466 211 ipse
474 193 540 205 comes
550 187 568 205 in
578 188 643 212 primis
654 191 755 207 terrarum

195 212 349 236 occupationibus
362 212 438 230 domino
452 212 493 237 regi
508 214 612 231 contrarius
628 213 689 231 nimis
709 214 756 232 exti-

194 237 241 255 tisse
252 237 351 261 potuisset.
375 237 444 255 Verum
458 237 545 256 dominus
559 244 591 256 rex
606 239 661 257 donis
676 242 698 257 et
712 245 755 263 pro-

195 262 258 281 missis
268 262 344 282 domine
351 262 446 281 Mathildis
456 262 529 287 regine,
538 264 602 281 uxoris
612 264 690 282 comitis
699 264 756 282 Flan-

195 288 244 311 drie,
258 290 330 312 partem
344 289 403 305 totam
418 293 455 312 que
468 288 491 306 ad
504 288 592 306 comitem
603 289 755 307 Hanuniensem

194 313 298 331 devenerat
305 313 328 331 de
335 315 385 331 terra
392 312 486 336 Flandrie,
495 313 513 331 in
523 313 630 332 dotalicium
641 314 707 338 ipsius
716 315 755 332 Ma-

196 338 257 356 thildis
268 338 352 356 converti
364 338 444 356 volebat.
471 338 544 356 Comite
553 341 617 357 autem
627 339 721 357 Flandrie
738 342 756 357 et

194 363 310 381 Hauoniensi
320 362 413 381 iusticiam
423 363 538 387 requirente,
551 363 608 382 nichil
618 365 713 389 equitatis
724 365 755 382 vel

194 388 315 413 benignitatis
329 388 347 406 in
361 388 437 406 domino
447 394 492 412 rege
501 388 615 407 Francorum
628 390 670 414 ipse
681 396 753 408 comes

194 413 279 431 invenire
291 416 375 438 poterat,
393 413 421 431 cui
434 413 491 431 multa
506 413 523 431 in
534 414 635 433 multorum
646 415 723 433 viribus
735 419 753 433 et

194 438 296 462 grandibus
307 438 396 463 expensis
407 438 517 457 exhibuerat
528 439 613 458 servicia.
636 440 707 458 Comiti
719 447 752 458 au-

193 466 233 482 tem
242 464 336 482 iusticiam
345 463 448 488 requirenti
458 466 476 482 et
486 464 542 482 nichil
553 465 657 489 proficienti
670 465 751 483 intima-

193 491 233 507 tum
247 489 280 507 fuit
290 489 372 507 Parisius
385 494 395 506 a
406 488 517 513 quibusdam
531 489 597 508 amicis
611 490 661 514 suis,
675 491 751 509 domini

193 514 244 538 regis
261 514 394 538 familiaribus,
408 515 456 538 quod
470 514 557 532 dominus
571 521 604 533 rex
619 520 661 533 eum
675 522 750 540 capere

192 541 325 563 proposuerat.
350 539 419 557 Comes
432 542 495 558 autem
509 543 607 564 assumpto
624 546 690 558 secum
709 547 748 559 uno

193 564 251 582 milite
261 566 280 582 et
289 565 362 582 duobus
372 564 497 583 servientibus
507 567 563 583 nocte
572 566 659 589 recessit7
673 566 747 584 relictis

192 589 217 607 ibi
229 589 286 608 sociis
300 592 319 607 et
331 589 457 608 servientibus
472 590 520 614 suis,
534 589 565 614 qui
579 590 597 609 in
608 591 690 609 crastino
701 597 747 609 eum

192 614 252 632 secuti
266 617 315 633 sunt.
339 614 392 633 Unde
406 615 494 633 dominus
510 621 543 633 rex
559 616 643 640 graviter
657 617 746 635 turbatus

191 640 232 664 fuit⁷
246 642 265 658 et
274 640 337 658 comiti
347 640 408 658 minas
418 640 509 663 inferens,
522 643 585 659 contra
600 642 661 666 ipsum
673 642 746 659 exerci-

191 667 222 683 tus
232 671 277 683 suos
291 665 408 683 summonuit
421 668 440 683 et
451 665 557 683 Flandrinm
571 666 640 684 intrare
654 667 744 685 asseruit.

191 690 206 708 Ε
215 693 280 708 contra
290 696 355 709 comes
366 690 400 708 sibi
410 690 495 715 providit.
516 690 549 709 Cui
559 691 646 710 homines
656 692 744 710 Flandrie

190 717 230 733 tam
244 716 326 734 maiores
341 721 398 740 quam
412 715 495 734 minores
509 716 599 734 auxilium
609 717 690 735 vividum
701 723 744 741 pru-

191 740 293 765 miserunt⁷
309 741 408 759 laudantes
425 741 500 759 domino
517 741 580 759 comiti
594 744 659 760 contra
675 748 743 766 regem

190 765 261 783 bellum
272 765 357 790 aggredi,
369 765 384 787 si
395 768 464 784 terram
475 766 610 785 Flandrensem
621 767 690 785 intrare
700 773 744 791 pre-

190 793 280 809 sumeret.
303 791 322 809 ln
334 791 371 809 hiis
380 791 444 815 itaque
457 797 522 809 comes
531 791 658 810 Hanoniensis
668 793 691 810 de
701 793 742 810 iure

190 822 224 834 suo
238 816 341 840 confidens⁷
354 816 432 834 viriliter
442 823 463 835 se
473 816 542 835 habuit.

227 841 332 859 Mirandum
342 844 372 860 est
386 841 480 866 equidem,
495 842 533 860 imo
543 842 688 860 christianorum
699 848 743 867 pec-

190 866 236 884 catis
250 866 393 891 imputandum,
409 867 458 891 quod
473 867 594 892 congregatis
609 869 631 886 ah
646 868 741 886 universis

189 891 253 910 muudi
267 891 322 909 huius
333 891 428 915 partibus,
442 891 460 909 in
473 892 540 916 quilius
551 898 620 910 nomen
630 893 699 911 Christi
713 893 741 911 in-

189 919 273 940 vocatur,
286 916 375 934 militibus
387 917 452 941 probis
466 920 485 935 et
498 917 563 936 electis
577 923 619 936 cum
633 918 672 936 suis
683 924 739 942 quam

188 941 273 965 pluribus
290 941 417 966 principibus⁷
435 942 489 966 quasi
507 942 564 961 nichil
577 943 595 961 in
610 949 669 967 regno
683 943 740 961 lhesu

189 966 257 985 Christi
271 968 401 991 recuperando
411 967 539 992 prefecerunt⁷
552 974 595 986 cum
606 968 666 986 solam
676 968 739 986 civita-

188 994 226 1010 tem
234 992 303 1010 Aci-am
317 995 482 1016 recuperaverunt.
503 993 594 1015 *Quorum
605 994 716 1018 quibusdam
728 1000 738 1011 a

187 1017 298 1035 Sarraeenis
305 1017 415 1041 interfectis,
426 1018 537 1042 quibusdam
548 1018 655 1037 infirmitate
664 1019 738 1043 propria

187 1042 404 1067 prevenientemortuis,
414 1043 536 1068 quamplures
544 1046 584 1062 tam
592 1044 673 1062 maiores
682 1050 738 1068 quam

188 1067 278 1092 minores⁷
292 1070 312 1086 et
325 1068 365 1086 fere
375 1074 449 1092 omnes⁷
462 1068 526 1087 relicta
537 1072 602 1087 sancta
613 1069 688 1087 civitate
698 1069 737 1087 lhe-

187 1093 270 1111 rusalem
288 1094 337 1118 apud
356 1093 448 1118 gentiles,
467 1094 490 1111 ad
508 1094 583 1118 propria
601 1095 672 1113 reversi
689 1097 737 1112 sunt.
