3118 4786
313 386 384 460 136
714 377 997 454 GlSlrllBEllTl

309 582 541 680 colloquium
555 541 779 676 habuerunt,
792 581 891 654 unde
904 578 1109 678 peripsum
1123 601 1255 677 regem
1269 578 1418 676 Anglo·

309 707 393 757 rum
408 693 446 758 et
458 707 528 782 per
540 681 725 779 quosdam
737 680 967 756 mediatores
980 678 1082 778 regis
1096 679 1327 753 Francorum
1339 679 1413 752 ho-

308 782 431 858 miues
449 781 679 880 colloquium
697 780 796 856 inter
813 779 1009 854 dominum
1026 803 1157 878 regem
1174 778 1409 852 Francorum

276 889 278 894 '
309 883 523 982 Philippum
540 893 580 958 et
602 881 780 956 comitem
798 880 972 955 Flandrie
989 878 1203 978 Philippum
1220 878 1318 954 inter
1335 877 1410 952 Sil·

207 994 510 1060 ·r.u.vanectum
535 981 726 1056 civitatem
755 980 857 1080 regis
888 991 927 1056 et
954 979 1203 1079 'Crispiacum
1239 989 1408 1052 castrum

309 1084 321 1156 i
350 1082 429 1157 sius
452 1082 601 1157 comitis
624 1081 695 1155 fuit
719 1081 975 1178 nominatum,
1008 1081 1046 1154 in
1071 1081 1156 1154 loco
1181 1079 1244 1177 qui
1272 1078 1410 1154 dicitur

219 1197 298 1254 1183.
343 1183 475 1282 raugia
494 1182 623 1258 Sancti
640 1181 837 1280 Arnulphi,
865 1205 962 1256 anno
988 1179 1140 1254 Domini
1172 1183 1286 1275 1183,
1312 1190 1407 1252 tem·

309 1309 402 1382 pore
428 1282 618 1382 paschali3
643 1283 741 1356 unde
759 1284 838 1356 sub.
853 1293 921 1381 s'pc
945 1281 1052 1379 pacis
1076 1281 1203 1355 future
1222 1290 1260 1354 et
1278 1303 1410 1354 comes

308 1381 481 1456 Flandrie
500 1407 569 1456 suo
589 1381 788 1477 exercitui,
816 1392 854 1455 et
878 1405 1008 1455 comes
1026 1380 1200 1455 Hanonie
1225 1403 1295 1452 suo
1321 1403 1407 1452 con-

308 1483 570 1557 tramandavit.
622 1482 663 1554 In
693 1481 881 1579 colloquio
913 1481 996 1577 illo,
1031 1481 1282 1556 mediantibus
1315 1505 1408 1578 rege

308 1583 520 1681 Anglorum
533 1580 696 1655 ilenrico
716 1581 866 1658 seniore
884 1592 922 1656 et
935 1581 1097 1664 Heurico
1116 1581 1196 1654 filio
1215 1581 1297 1656 eius
1316 1591 1408 1679 rege
1520 1583 1523 1612 ¹

308 1683 455 1758 iuniore
470 1692 508 1757 et
520 1682 710 1756 Willelmo
722 1682 899 1758 ilamensi
914 1681 1199 1781 archiepiscopo
1216 1692 1253 1755 et
1267 1681 1407 1755 comite

308 1783 546 1858 Theobaldo¹
567 1792 605 1856 et
627 1782 765 1857 comite
784 1782 978 1882 Stephano
998 1793 1037 1856 et
1054 1784 1148 1856 duce
1165 1780 1408 1879 Burgundie²

309 1895 347 1959 et
365 1883 503 1957 comite
522 1883 772 1979 flanoniensi,
798 1883 861 1979 qui
880 1893 920 1958 et
936 1907 1071 1982 paoem
1094 1882 1196 1980 regis
1215 1893 1255 1956 et
1271 1905 1405 1980 pacem

309 1983 457 2057 comitis
472 1983 645 2056 Flandrie
660 1983 908 2078 desiderabat,
927 1981 1025 2082 pax³
1044 1983 1214 2056 ordinata
1234 1992 1292 2056 est
1309 1982 1408 2056 iuter

308 2081 487 2158 comitem
505 2082 776 2158 Flandrensem
804 2093 843 2156 et
868 2083 1062 2155 dominum
1089 2108 1220 2182 regem
1246 2083 1405 2156 Franco·

306 2207 391 2256 rum
411 2193 449 2256 et
466 2182 700 2256 comitissam
720 2183 1056 2258 Bellimonteusem
1074 2183 1138 2279 ita,
1158 2184 1257 2280 quod
1276 2206 1408 2257 comes

306 2283 480 2358 Flandrie
515 2293 635 2356 totam
670 2293 811 2358 terram
843 2283 1123 2358 Viromandiam
1151 2295 1189 2356 et
1213 2284 1403 2358 Valesium

307 2384 415 2480 quasi
433 2409 501 2483 pro
522 2388 566 2456 14
584 2383 735 2457 milibus
761 2383 866 2457 libris
893 2384 1132 2458 denariorum
1156 2384 1408 2458 Cathalanen·

306 2484 404 2556 sium
423 2483 460 2554 in
478 2483 588 2555 vadio
607 2483 778 2576 retinuit3
806 2494 973 2558 attamen
993 2507 1134 2581 comes,
1153 2484 1292 2558 nemini
1311 2484 1406 2558 redi·

304 2608 411 2669 ¹mare
429 2582 583 2674 volenti,
603 2582 674 2655 hoc
693 2582 878 2657 redimere
900 2584 991 2658 dum
1009 2585 1197 2682 potuisset
1213 2584 1406 2683 promisis-

306 2694 375 2758 set.
412 2683 494 2755 Hoc
518 2682 669 2779 quidem
693 2683 949 2756 vadimonium
975 2686 1137 2782 quadam
1164 2683 1407 2760 simulatione

307 2781 561 2882 compositum
587 2782 676 2875 fuit,
702 2809 749 2856 ne
766 2784 955 2858 videretur
973 2809 1129 2883 prorsus
1149 2784 1402 2884 exheredatio,

306 2885 405 2980 quod
425 2905 554 2956 comes
573 2882 746 2956 Flandrie
764 2909 833 2982 per
851 2909 939 2958 suas
958 2885 1094 2959 nimias
1113 2884 1211 2960 vires
1230 2885 1402 2960 faciebat.

304 2982 498 3082 Philippus
526 2993 654 3058 autem
681 3008 810 3058 comes
834 2985 871 3058 in
896 2985 979 3084 ipso
1008 3011 1106 3060 anno
1134 3010 1221 3060 cum
1246 2997 1285 3060 et
1300 2986 1405 3059 Viro·

304 3083 496 3157 mandiam
515 3094 553 3156 et
569 3084 760 3158 Valesium
780 3087 825 3158 ad
850 3087 1083 3162 voluntatem
1102 3110 1211 3160 suam
1229 3086 1299 3160 sibi
1318 3085 1405 3161 reti·

304 3185 461 3283 nuisset⁷
487 3196 615 3260 tamen
634 3188 796 3283 quadam
813 3187 933 3260 fretus
952 3186 1183 3285 benignitate
1202 3196 1240 3262 et
1257 3187 1404 3260 ratione

304 3285 495 3359 Valesium
515 3285 707 3359 comitisse
725 3286 962 3360 Bellimontis
977 3289 1125 3361 Aenore
1144 3289 1303 3361 liberum
1322 3288 1404 3362 red-

305 3385 414 3478 didit,
444 3384 667 3483 interposita
698 3386 911 3460 conditione
942 3388 1041 3483 quod
1072 3397 1191 3460 totam
1210 3387 1404 3462 Viroman-

305 3483 424 3579 diam,
451 3483 547 3556 sicut
574 3507 702 3557 comes
720 3485 940 3632 Radulphus
967 3490 1210 3585 possederat,
1239 3489 1328 3561 dum
1353 3487 1406 3561 vi-

304 3593 428 3678 veret,
447 3582 486 3654 in
502 3607 596 3681 pace
615 3584 827 3682 possideret
852 3642 859 3656 .

214 3696 294 3751 1183.
379 3683 566 3782 Tempore
583 3683 647 3756 illo
664 3685 849 3760 Henricus
865 3686 991 3762 iunior
1007 3713 1073 3762 rex
1089 3689 1311 3787 rlnglorum7
1334 3688 1405 3762 mi·

303 3785 360 3857 les
385 3785 537 3882 probuS,
563 3783 633 3857 sibi
659 3787 844 3860 retinebat
870 3788 1149 3863 commilitones
1177 3788 1403 3886 ubicumque

304 3886 443 3959 habere
461 3895 611 3984 poterat
628 3886 767 3963 milites
785 3893 937 3988 probos,
958 3901 995 3964 et
1009 3914 1245 3988 quecumque
1262 3890 1402 3963 habere

304 4065 330 4136 1)
350 4065 481 4123 Blesensi.
584 4068 611 4140 2)
631 4067 747 4138 Hugone
768 4071 815 4126 ΙΙΙ.
921 4072 948 4144 3)
970 4071 1001 4128 V.
1021 4071 1109 4145 Bouq.
1131 4071 1232 4134 xviri,
1255 4071 1316 4126 133.
1337 4071 1400 4128 134.

303 4139 330 4211 4)
349 4137 467 4196 Litterae
488 4143 558 4212 regis
577 4140 694 4212 Angliae
714 4145 747 4196 de
767 4143 817 4198 bac
837 4162 901 4215 prce
922 4149 955 4199 ad
977 4145 1123 4200 llanullum
1145 4147 1178 4201 de
1198 4143 1334 4200 Glanrillc
1353 4145 1401 4198 tt-

302 4220 393 4268 rectao
412 4213 545 4270 habentur
564 4233 606 4287 ap.
626 4213 714 4288 Bouq.
735 4215 838 4282 xvllt,
860 4217 922 4271 133.
