3118 4786
390 429 666 506 canonicor
692 427 1004 554 nnuouransa.
1117 373 1127 384 ⁴
1174 433 1245 505 109

145 632 227 707 suis
255 629 458 704 maioribus
487 629 673 704 Montibus
701 627 849 722 indixit,
885 629 944 702 ubi
977 629 1244 726 quamplures

147 737 285 830 probos
306 731 444 804 milites
464 731 611 803 circiter
627 731 702 806 350
720 752 852 803 secum
878 729 1016 803 habuit.
1063 729 1132 803 Ubi
1161 753 1246 801 curn

147 833 303 931 Egidius
335 834 380 904 de
409 831 547 906 Sancto
576 833 714 906 Oberto
747 854 859 904 cruce
891 829 1063 926 signatus
1094 829 1245 902 domino

145 958 217 1006 suo
234 932 358 1006 comiti
373 934 491 1030 dapes
506 941 702 1029 tamquam
721 953 895 1005 summus
913 931 1059 1027 dapifer
1076 929 1247 1003 ammini·
1299 981 1301 986 -

146 1043 327 1130 strasset,
359 1033 521 1106 honesto
548 1035 646 1105 dono
673 1035 720 1105 ab
746 1031 829 1129 ipso
861 1031 986 1106 comiti
1018 1033 1063 1104 ad
1096 1031 1247 1129 supple-

146 1144 317 1208 mentum
337 1133 481 1206 itineris
501 1133 559 1206 sni
578 1141 749 1231 accepto,
770 1131 961 1205 licentiam
980 1131 1246 1230 peregrinandi

143 1259 168 1307 a
184 1235 334 1307 domino
355 1257 424 1306 suo
444 1232 581 1306 comite
601 1244 639 1306 et
654 1238 701 1307 ab
716 1232 904 1305 universis
919 1232 956 1304 in
972 1231 1074 1304 curia
1089 1231 1246 1329 accepit.

144 1335 302 1408 Iacobus
329 1344 455 1406 autem
481 1359 501 1406 a
528 1335 679 1407 domino
703 1358 771 1406 suo
792 1333 929 1406 comite
948 1343 1114 1405 castrum
1134 1356 1245 1406 suum

143 1437 356 1510 Condatum
375 1435 424 1506 ibi
443 1433 586 1532 recepit
603 1435 825 1533 interposita
846 1433 1057 1506 conditione
1076 1433 1164 1505 illud
1186 1455 1246 1504 co-

145 1535 226 1607 miti
251 1538 296 1606 ad
323 1559 476 1606 omnem
503 1535 583 1608 eius
610 1535 843 1608 voluntatem
871 1537 1113 1609 reddendum.
1162 1533 1247 1630 Egi·

142 1635 228 1708 dius
248 1658 339 1706 vero
358 1636 403 1706 de
422 1636 560 1708 Sancto
581 1636 719 1709 Oberto
739 1636 777 1707 in
796 1658 865 1710 sua
885 1635 1189 1730 peregrinatione
1208 1633 1246 1704 in

145 1735 239 1808 mari
269 1734 444 1808 decessit.
488 1733 677 1808 Gerardus
705 1747 833 1824 autem
856 1735 955 1806 filius
976 1735 1071 1828 eius,
1099 1733 1245 1806 comitis

145 1835 400 1908 llanoniensis
438 1835 706 1931 consobrinus⁷
751 1844 905 1932 peracta
939 1833 1246 1932 peregrinatione

143 1961 229 2029 sua,
257 1935 407 2009 rediens
427 1936 523 2033 patri
541 1935 578 2007 in
598 1935 801 2009 maioribus
820 1932 927 2009 bonis
947 1933 1143 2007 successit.

100 2101 104 2114 .
219 2035 363 2109 Deinde
379 2059 477 2108 anno
491 2035 641 2110 Domini
656 2037 764 2132 1175,
778 2037 1104 2132 menserlugusto,
1119 2045 1335 2106 torna-1175.

145 2146 317 2207 mentum
348 2137 446 2208 inter
475 2137 722 2209 Suessionem
755 2136 944 2209 civitatem
978 2146 1015 2207 et
1045 2123 1326 2208 brainamfflug·

143 2246 313 2307 castrum
334 2259 380 2308 ex
400 2237 575 2332 snperbia
595 2247 632 2308 et
648 2237 862 2332 arrogantia
877 2261 898 2307 a
913 2236 1092 2332 preclaris
1110 2246 1147 2307 et
1159 2259 1244 2332 pro-

144 2335 312 2409 bissimis
332 2335 511 2409 militibus
528 2335 853 2433 Campanensibus
873 2333 1017 2408 scilicet
1036 2345 1073 2406 et
1089 2334 1242 2407 Francis

145 2436 444 2533 quampluribus
458 2446 587 2509 contra
602 2435 825 2508 Balduinum
842 2435 1018 2508 comitem
1029 2435 1244 2509 Hanouien·

144 2561 227 2610 sem
248 2536 316 2608 fuit
334 2536 619 2634 proclamatum.
648 2539 703 2608 Ad
724 2539 822 2633 quod
841 2557 970 2608 comes
990 2535 1243 2609 Hanoniensis

144 2661 230 2709 cum
250 2639 325 2710 200
343 2636 522 2710 militibus
542 2647 579 2710 et
600 2639 698 2712 1200
715 2637 901 2734 peditibus
921 2636 1050 2709 electis
1070 2636 1185 2730 venit,
1205 2646 1244 2708 et

142 2737 180 2808 in
201 2747 306 2834 parte
326 2762 394 2810 sua
413 2740 507 2811 duos
528 2737 693 2810 sororios
714 2762 817 2832 suos,
843 2737 987 2810 scilicet
1005 2737 1243 2834 Radulphum

144 2840 189 2910 de
217 2838 374 2912 Cociaco
402 2847 440 2910 et
463 2837 703 2911 Buchardum
729 2841 775 2910 de
797 2837 1177 2932 lllontemorenciaco7
1205 2847 1243 2909 et

145 2961 230 3009 cum
259 2938 314 3010 eis
340 2938 579 3035 Radulphum
609 2939 785 3012 comitem
804 2938 1057 3034 Clarimontis,
1084 2938 1242 3010 militem

145 3037 429 3134 probissimum7
468 3039 639 3111 habebat.
688 3039 1014 3135 Campanensibus
1045 3049 1171 3110 autem
1205 3048 1243 3109 et

141 3136 295 3209 Francis
328 3158 485 3207 numero
518 3136 684 3233 pluribus
717 3146 755 3208 et
785 3137 937 3208 nomine
969 3137 1171 3226 maioribus
1203 3137 1241 3207 in

142 3236 280 3309 Braina
300 3236 544 3310 existentibus
564 3236 667 3308 exire
686 3237 973 3332 dedignantibus
993 3237 1053 3308 vel
1075 3236 1243 3308 dubitan-

143 3337 255 3433 tibus,
271 3335 662 3410 comesHanoniensis
679 3339 859 3434 usquead
875 3347 1042 3409 montem
1059 3347 1096 3409 et
1109 3336 1241 3410 vineas

142 3437 279 3510 Braine
307 3437 344 3508 in
372 3461 486 3509 manu
514 3448 660 3511 armata
687 3437 868 3535 equitavit
899 3448 937 3510 et
966 3437 1015 3510 ibi
1048 3462 1167 3536 usque
1194 3440 1241 3510 ad

143 3561 346 3636 vesperam
366 3537 479 3610 stetit.
526 3538 595 3611 Die
614 3549 740 3612 autem
759 3541 1103 3636 advesperascente
1132 3562 1242 3637 cepe·

141 3649 229 3711 runt
254 3661 388 3711 omnes
416 3640 463 3710 ad
488 3639 561 3710 hoc
587 3639 766 3712 comitem
791 3662 947 3737 cogere,
981 3649 1022 3712 ut
1051 3640 1152 3712 illinc
1183 3664 1241 3712 re·

115 3741 119 3755 '
143 3741 308 3832 cederet,
336 3762 421 3810 cum
447 3763 561 3811 nemo
586 3751 824 3836 compareret
849 3740 910 3838 qui
931 3741 965 3813 ei
986 3763 1029 3814 se
1047 3765 1240 3838 opponere

142 3839 267 3912 vellet.
297 3841 383 3937 lpse
402 3849 531 3912 autem
544 3841 780 3938 propositum
799 3838 1036 3915 'firmaverat
1050 3844 1146 3938 quod
1162 3851 1291 3915 tota*f.
1303 3859 1351 3916 33.

142 3939 201 4012 die
229 3939 303 4012 illic
330 3950 502 4013 maneret
527 3950 565 4013 et
589 3940 776 4014 firmatam
808 3941 994 4015 torniandi
1024 3941 1239 4038 pactionem

143 4050 325 4112 servaret.
377 4042 546 4139 Vespere
574 4051 701 4114 autem
728 4041 847 4139 facto,
884 4067 969 4115 cum
1001 4043 1121 4115 maior
1150 4067 1239 4140 pars
1452 4117 1454 4124 ,

7 4193 8 4200 1
117 4149 120 4154 '
142 4139 301 4212 militum
321 4143 365 4214 de
386 4151 491 4239 parte
511 4141 657 4215 comitis
677 4143 928 4218 Hanoniensis
952 4141 1179 4218 recessisset
1204 4155 1241 4217 et
1363 4212 1368 4222 ,

143 4265 167 4338 1)
189 4263 293 4330 braine,
314 4283 328 4318 a
348 4265 471 4323 Soissons
490 4271 524 4323 ad
544 4270 684 4325 orientem.
