3066 4788
130 1633 321 1738 Edituris
336 1664 533 1740 chronicon
547 1664 734 1740 Gisleberti
747 1669 912 1762 inprimis
927 1664 971 1738 cle
985 1672 1134 1740 auclore
1146 1671 1226 1760 ipso

130 1765 327 1838 uidendum
345 1768 435 1858 erit5
454 1789 541 1838 nam
555 1769 657 1838 cuius
675 1769 846 1842 momenti
863 1769 913 1839 sit
928 1770 1096 1838 narratio
1115 1765 1225 1861 illius7

131 1869 251 1962 mapis
269 1865 439 1960 elucebit,
466 1888 577 1962 quum
603 1857 683 1937 ‘eum
701 1865 785 1938 inde
803 1889 827 1937 u
846 1868 1028 1945 iuuentute
1043 1888 1157 1962 usque
1175 1865 1227 1938 aul

129 1964 278 2040 senilem
296 1971 452 2038 aetatem
469 1989 609 2058 semper
635 1968 672 2038 in
697 1968 802 2038 curia
827 1968 999 2059 comitum
1016 1966 1226 2039 Hononien·

129 2069 225 2138 sium
263 2071 446 2138 uersatum
486 2072 522 2137 et
556 2066 782 2160 pravissimis
815 2067 968 2159 nepotiis
1001 2067 1226 2159 implicatum

130 2164 373 2252 offendamus.
436 2165 535 2238 Certe
565 2165 710 2262 quidem
740 2163 814 2238 tale
844 2169 1005 2261 tantique
1034 2169 1103 2239 oiri
1133 2188 1225 2259 opus

130 2267 283 2336 mauimi
302 2267 371 2336 erit
395 2263 681 2358 aestimandum,
705 2288 815 2361 quum
836 2288 904 2358 per
921 2263 1079 2337 medium
1097 2288 1226 2336 acuum

130 2386 221 2436 raro
257 2361 459 2456 advenerit,
508 2362 608 2459 qnod
648 2366 705 2436 cir
739 2366 776 2436 in
810 2362 939 2436 mediis
973 2367 1027 2443 rei
1057 2361 1226 2458 publicae

129 2465 284 2558 nepotiis
296 2465 443 2556 positus
461 2465 575 2534 otiitm
602 2487 707 2536 suum
733 2463 818 2538 stilo
839 2467 1111 2559 consecraverit,
1137 2467 1224 2560 quin

40 2645 44 2652 ,
130 2567 239 2636 immo
281 2565 445 2634 munima
488 2570 682 2636 auctorum
715 2587 808 2657 pars
841 2566 1055 2636 monasterii
1079 2561 1223 2657 sepibus

131 2661 260 2736 clausu
294 2662 347 2736 nil
381 2665 522 2750 referat
554 2665 625 2736 nisi
659 2663 880 2759 domestico,
924 2686 1065 2758 mapna
1102 2670 1223 2736 autem

129 2771 250 2858 pesta7
294 2766 418 2858 facta,
455 2763 608 2837 consilia
646 2766 854 2858 principum
890 2765 940 2836 eis
974 2766 1050 2850 fere
1084 2787 1223 2856 semper

70 2903 72 2907 ·
129 2865 316 2958 incopnitu
329 2866 411 2958 sint,
429 2863 484 2936 uel
500 2863 602 2936 baud
619 2862 914 2959 beneperspecta.
943 2863 1224 2958 Comparandus

128 2965 239 3056 ipitur
266 2970 351 3035 ante
378 2987 501 3036 omnes
519 2963 736 3038 Gislebcrtus
761 2971 884 3038 noster
903 2964 1025 3037 Ottoni
1053 2966 1220 3058 episcopo

123 3062 351 3156 'Frisiupensi
370 3065 688 3160 continuatorique
704 3065 917 3158 Rapeuino,
946 3066 1008 3160 qui
1026 3087 1069 3134 ea
1085 3065 1222 3137 vicissi-

130 3161 329 3255 tudinibus,
357 3183 451 3256 quae
473 3163 566 3232 inter
592 3185 653 3233 eos
671 3168 707 3232 et
721 3161 947 3233 Friclericum
968 3167 1222 3254 imperatorem

12 3255 15 3258 ’
122 3260 408 3356 intercedebant,
422 3258 1220 3355 imapinemnobisFriclericiperfectissimam

128 3368 509 3456 repraesentaverunt,
536 3361 591 3433 uel
621 3363 730 3435 etiam
759 3360 963 3433 illustribus
988 3361 1222 3434 Ianuensium

127 3483 252 3534 rerum
281 3461 541 3556 scriptoribus,
573 3481 735 3558 quorum
758 3485 888 3556 apmen
917 3459 1131 3534 uenerabilis
1161 3459 1221 3533 ille

61 3637 64 3644 Δ
127 3584 235 3633 senen
253 3561 414 3648 Casurus
432 3558 556 3654 clucit5
581 3585 667 3634 nam
694 3564 803 3634 sicuti
829 3560 930 3654 apud
954 3560 1039 3635 illos
1059 3584 1221 3656 persona

127 3659 306 3732 Friderici
323 3663 430 3756 quasi
449 3667 606 3732 centrum
626 3668 681 3735 est
697 3659 793 3734 uncle
810 3660 909 3733 raclii
927 3668 1138 3757 occurrant,
1166 3663 1221 3734 ita
1310 3749 1315 3758 ,

129 3758 232 3853 apucl
247 3761 480 3833 Gislebertum
493 3759 702 3854 Balduinus
719 3763 866 3857 quintus
881 3785 998 3833 comes
1010 3761 1221 3833 Hononien·

127 3862 180 3934 sis
197 3860 350 3933 similem
368 3866 526 3954 occupat
546 3860 684 3956 locum,
712 3867 748 3933 et
763 3860 902 3947 Cufaro
921 3859 1221 3956 aequiparandus

3 4023 5 4044 ἶ
128 3959 281 4055 Noster,
316 3983 427 4056 quum
455 3983 570 4034 senec·
591 3961 786 4033 historiam
814 3961 1005 4034 scribendo
1040 3961 1222 4032 rationem

3 4059 5 4128 ἒ
97 4147 99 4152 ,
129 4057 270 4138 dederit
294 4063 482 4133 uariorum
508 4062 736 4155 nepotiorum
756 4085 828 4156 pro
852 4061 978 4154 putria
991 4066 1221 4153 perpetrato·

3 4159 8 4246 ᾗ
129 4183 222 4230 rum.
275 4159 431 4233 Multum
465 4167 586 4234 autem
622 4159 666 4233 te
700 4164 777 4234 aito
813 4158 1000 4234 Gislebcrti
1037 4163 1222 4254 capnitum

58 4329 60 4333 ,
126 4258 314 4354 babemus,
334 4267 411 4334 tum
429 4285 472 4333 eu
490 4260 659 4334 chronico
679 4268 755 4334 trem
774 4285 817 4334 eu
835 4259 985 4354 obortis,
1012 4262 1066 4332 ita
1084 4265 1124 4331 ut
1142 4281 1222 4331 eum
