3066 4788
339 417 619 494 cunourcou
647 417 967 538 unuournusu.
1152 425 1199 496 n
1231 371 1234 378 ⁴

15 717 17 724 Ι
107 647 253 723 pannus
279 623 434 697 sericus.
489 621 629 698 Omnes
654 625 810 698 candele
841 624 900 697 die
929 624 1201 722 ,purificationis

107 728 215 798 beate
234 724 351 818 Maria
372 723 539 797 omnium
558 725 875 798 monasteriorum
895 737 933 798 et
957 726 1201 824 capellarum,

10 847 11 852 ’
107 826 460 922 quomodocumque
486 825 531 896 ad
558 849 625 899 eos
644 826 881 923 devenerint‚
908 827 1096 924 pertinent
1118 851 1204 925 pro·

11 987 12 992 ,
107 927 186 1023 prie
206 927 252 998 ad
272 927 466 999 custodem
487 928 595 998 beate
613 927 876 1000 Waldetrudis
929 925 1064 1000 Omnia
1083 928 1203 1000 eciam
1269 933 1272 940 “

109 1027 329 1099 eorumdem
356 1025 675 1099 monasteriorum
693 1037 732 1098 et
749 1028 981 1124 capellarum
1009 1027 1202 1100 offertoria

108 1129 153 1200 ad
170 1128 346 1201 eumdem
357 1128 553 1199 custodem
567 1127 718 1224 proprie
733 1128 769 1199 in
784 1151 991 1225 parasceue
1003 1127 1201 1225 pertinent.

109 1227 287 1300 Omnium
315 1228 539 1303 clericorum
565 1227 603 1299 in
628 1227 718 1302 villa
745 1229 932 1302 Montensi
959 1228 1204 1302 residentium

10 1383 11 1390 κ
109 1340 147 1402 et
172 1327 440 1402 canonicorum
466 1327 595 1418 Sancti
622 1326 800 1402 Germani
826 1340 1018 1402 eteorum
1043 1329 1204 1426 capella·
1268 1345 1271 1350 ’

10 1497 11 1500 ,
109 1455 245 1504 norum
277 1439 315 1504 et
346 1428 615 1503 canonicorum
643 1429 886 1502 familiarium
915 1439 952 1503 et
978 1430 1203 1503 clericorum

10 1569 13 1620 ;
109 1530 340 1604 scholarium
360 1540 397 1604 ct
414 1541 575 1627 quatuor
589 1530 820 1604 servientum
835 1529 1204 1604 beateWaldetrudis

10 1643 12 1718 F
109 1641 148 1704 et
173 1630 375 1704 cambarii¹
395 1629 523 1702 Sancti
544 1631 720 1704 Germani
746 1641 784 1704 et
807 1631 1036 1708 servientum
1064 1629 1205 1702 domini
1289 1653 1290 1658 ¹

10 1751 13 1798 t
109 1731 259 1815 comitis
283 1729 596 1804 hereditariorum
623 1741 661 1803 et
679 1731 800 1804 eciam
824 1731 964 1802 domini
993 1731 1141 1804 comitis
1169 1739 1206 1802 et

108 1832 315 1928 comitisse,
335 1833 424 1903 dum
448 1831 484 1903 in
504 1829 693 1904 Montibus
712 1829 862 1926 luerint,
887 1839 987 1922 cura]
1000 1828 1205 1929 spiritualis

109 1934 156 2004 ad
187 1933 388 2005 canonicos
418 1931 545 2005 Sancti
573 1931 751 2005 Germani
779 1931 940 2030 pertinet
967 1930 1141 2025 omnino,
1169 1939 1206 2002 ot

108 2033 185 2105 illis
213 2033 387 2106 omnibus
419 2031 500 2106 iura
533 2032 790 2106 ecclesiastica
815 2058 837 2106 a
865 2032 1055 2106 canonicis
1083 2055 1206 2104 sacer·

108 2134 260 2205 dotibus
280 2133 408 2205 Sancti
429 2133 606 2206 Germani
626 2135 663 2205 in
682 2134 912 2206 monasterio
932 2137 1041 2207 beate
1059 2132 1206 2204 Walde·

107 2233 230 2306 trudis
246 2233 467 2306 exhibentur
485 2243 561 2304 tarn
581 2233 619 2303 in
638 2234 714 2305 vita
732 2257 844 2328 quam
863 2233 899 2304 in
919 2242 1052 2304 morte.
1087 2232 1206 2303 Cano-

108 2332 185 2408 nici
214 2330 342 2404 Sancti
371 2331 547 2414 Germani
580 2332 740 2406 ecclesie
764 2334 873 2404 beate
889 2330 1142 2405 Waldetrudis
1170 2329 1206 2402 in

108 2459 250 2532 magna
278 2433 394 2504 missa
420 2457 488 2530 per
514 2433 750 2518 sacerdotem
777 2442 815 2505 et
840 2457 908 2531 per
932 2433 1143 2528 dyaconum
1169 2441 1206 2504 et

109 2535 394 2629 subdyaconum
413 2532 493 2604 sine
507 2532 786 2606 intermissione
806 2542 980 2607 tenentur
997 2533 1205 2630 providere,

110 2646 151 2710 et
181 2634 218 2706 in
245 2634 450 2706 maioribus
477 2633 818 2731 sollempnitatibus
846 2635 932 2706 anni
960 2635 1005 2706 ad
1033 2634 1205 2707 eamdem

11 2755 14 2796 2
111 2735 314 2809 ecclesiam
342 2736 477 2808 debent
504 2735 723 2830 convenire5
754 2735 791 2807 in
819 2735 1049 2807 monasterio
1078 2733 1206 2828 Sancti

12 2849 15 2930 t
112 2835 291 2910 Germani
312 2837 362 2908 ad
389 2859 567 2933 magnam
592 2836 748 2908 missam
769 2847 806 2908 et
832 2837 945 2908 horas
969 2833 1206 2933 parochiales

12 2993 14 3024 ,
111 2937 198 3034 cogi
230 2961 305 3008 non
332 2946 503 3034 possunt.
555 2935 597 3007 ln
621 2935 851 3009 monasterio
878 2935 1051 3033 equidem
1078 2933 1208 3007 Sancti

13 3113 14 3124 q
113 3036 292 3110 Germani
320 3036 478 3134 singulis
512 3036 641 3108 diebus
675 3036 818 3110 festivis
846 3048 884 3108 et
911 3061 1057 3133 quaqua
1086 3035 1145 3108 die
1170 3035 1206 3105 in

13 3217 15 3230 ‚
112 3139 275 3211 adventu
293 3136 500 3234 Dominiuet
518 3160 666 3231 quaqua
686 3136 744 3207 die
770 3136 807 3206 in
834 3135 1122 3231 quadragesima
1146 3159 1207 3207 ve-

13 3233 15 3275 *
112 3262 245 3337 speras
265 3249 303 3312 et
329 3235 532 3310 matutinas
559 3259 646 3308 cum
673 3234 818 3308 clericis
845 3237 981 3307 debent
1004 3235 1207 3326 celebrare,

20 3363 25 3370 ·
114 3339 280 3436 exceptis
303 3337 378 3410 illis
400 3335 723 3434 sollempnitatum
747 3336 876 3409 diebus
899 3335 1032 3432 quibus
1051 3336 1138 3429 hecq
1167 3342 1207 3406 ut

113 3441 324 3538 predictum
348 3448 416 3532 ost,
442 3435 574 3510 maiori
598 3437 733 3522 debent
754 3437 995 3510 monasterio.
1049 3435 1205 3532 Quaqua

14 3561 17 3594 τ
113 3540 173 3613 die
193 3541 238 3612 ad
266 3539 423 3610 missam
450 3549 487 3612 et
513 3539 627 3610 horas
645 3538 901 3636 parrochiales
920 3538 958 3609 in
976 3536 1205 3609 monasterio

18 3645 23 3650 “
114 3640 233 3713 sancti
255 3637 433 3713 Germani
453 3638 622 3711 canonici
641 3639 821 3736 sepedicti
840 3640 976 3711 debent
994 3637 1204 3710 convenire.

114 3742 299 3814 Dominus
315 3762 445 3812 comes
459 3739 709 3812 Hanoniensis
727 3765 795 3838 pro
816 3739 923 3810 bonis
942 3764 1014 3834 que
1034 3763 1079 3811 ex
1098 3739 1208 3809 abba-

15 3885 17 3934 3
116 3843 165 3914 tia
185 3843 310 3936 habet⁷
331 3838 532 3914 ecclesiam
552 3842 659 3912 beate
673 3839 924 3912 Waldetrudis
945 3864 966 3911 a
986 3839 1206 3934 quibusdam

15 3935 17 3972 l
115 3968 187 4040 que
213 3968 234 4014 a
260 3940 411 4013 domino
437 3964 534 4037 papa
558 3949 594 4010 et
622 3939 702 4011 eius
730 3940 979 4012 cardinalibus
1008 3949 1045 4010 et
1072 3936 1207 4032 legatis

115 4045 166 4115 'et
184 4068 204 4114 a
225 4040 375 4112 domino
391 4039 567 4112 Remensi
584 4038 714 4111 eteius
730 4040 953 4112 officialibus
968 4049 1005 4111 et
1019 4064 1039 4111 a
1055 4038 1206 4108 domino
1219 4059 1249 4115 r.
1262 4059 1288 4111 9.

115 4141 378 4216 Cameracensi
409 4137 551 4214 eteius
585 4136 808 4212 officialibus
836 4141 1059 4238 quandoque
1086 4138 1207 4235 requi·

16 4259 18 4336 i
115 4267 139 4340 1)
158 4271 175 4324 i.
196 4289 220 4326 o.
242 4269 387 4324 cerevisiae
407 4269 582 4322 confectores.
