3002 4790
312 395 386 470 224
666 467 668 470 .
723 401 997 476 GiSLEBERTl

225 603 461 684 ¹¹⁹1·et·inde
481 629 592 705 puros
610 603 740 680 habuit
762 604 954 703 principes
974 627 1180 704 sequaces,
1208 607 1306 703 quod
1339 606 1437 678 dux
1489 599 1490 618 ¹

313 707 561 787 Loranieusis
580 709 756 780 ducatum
775 731 849 778 non
869 705 1051 804 habebut,
1078 707 1151 781 nisi
1170 707 1207 779 in
1226 707 1435 782 comitati-

242 869 257 902 .
278 859 283 874 ·
313 816 383 888 bus
403 834 498 909 quos
516 812 669 884 tenebat
687 809 748 882 vai
765 809 948 907 quiahoc
963 812 1200 904 tenebantur,
1220 832 1305 881 cum
1326 809 1432 908 ipsc

311 914 351 986 in
365 913 447 988 aliis
463 911 697 986 comitatibus
714 910 920 984 vicinorum
938 933 1092 982 suorum
1111 920 1282 984 tenuram
1299 934 1430 984 suam

313 1024 527 1091 monstrare
555 1037 628 1088 non
655 1021 813 1110 poterat.
861 1010 1023 1085 Monitus
1048 1022 1175 1085 autam
1200 1014 1270 1085 dux
1288 1011 1429 1085 Lova·

313 1116 457 1190 niensis
476 1139 499 1188 a
515 1137 626 1212 rege,
655 1109 853 1186 comitatus
873 1136 968 1212 quos
986 1113 1070 1212 ipsa
1088 1117 1240 1188 tenebat
1258 1113 1321 1186 vei
1349 1113 1427 1212 qui

314 1220 360 1292 ab
388 1241 433 1290 ao
460 1218 684 1290 tenebantur
708 1214 833 1313 ipsum
860 1215 1023 1313 oportuit
1047 1215 1171 1314 palam
1197 1213 1425 1312 nominare,

314 1317 459 1394 scilicet
485 1317 703 1390 comitatum
729 1313 1020 1412 Lovuniensam‚
1047 1316 1266 1390 comitatum
1284 1315 1426 1388 Nivei-
1450 1336 1459 1412 Ἰ·

312 1420 474 1515 densam,
501 1418 719 1492 comitatum
746 1419 792 1490 de
811 1415 982 1514 Arscot¹‚
1009 1440 1103 1516 quos
1122 1419 1205 1515 ipsc
1227 1420 1301 1489 dux
1326 1440 1424 1515 pro·

312 1519 394 1618 prie
418 1523 581 1594 tonabat.
629 1516 836 1594 Comitatus
856 1517 950 1592 alios
969 1517 1177 1592 nominavit
1195 1542 1289 1616 quos
1308 1519 1422 1592 Han·

313 1621 413 1695 ricus
429 1624 474 1694 de
486 1621 587 1694 Cuch
603 1630 640 1693 et
655 1621 841 1692 comcsde
853 1618 1013 1693 Gheha'2
1027 1630 1064 1692 et
1076 1643 1204 1694 comes
1215 1622 1261 1693 de
1272 1618 1421 1692 Cdeva³

314 1725 359 1796 ab
379 1723 461 1822 ipso
481 1725 576 1795 duce
594 1725 784 1815 tenebant,
807 1719 904 1793 iuter
923 1745 1017 1820 quos
1038 1720 1187 1818 quidem
1207 1720 1417 1794 comitatus

299 1824 531 1896 ¹comitatum
548 1827 593 1896 dn
607 1822 681 1895 Loz
701 1825 746 1896 de
762 1824 897 1895 ducatu
918 1846 986 1894 suo
1007 1846 1095 1896 essa
1115 1821 1215 1919 dixit,
1234 1821 1321 1922 quia
1341 1847 1418 1922 per

315 1926 531 1999 comitatum
558 1923 663 1996 ilium
687 1947 808 2021 usque
834 1923 981 1995 Mosam
1007 1921 1162 1997 fluvium
1182 1925 1414 1998 conductum

313 2026 486 2098 habebat,
546 2026 600 2098 Ad
627 2025 700 2096 hoc
727 2034 853 2110 autam
880 2025 1069 2098 Garardus
1102 2048 1231 2098 comes
1258 2027 1305 2098 de
1332 2023 1412 2098 Loz

313 2126 468 2200 viriiiter·
494 2127 751 2223 respondem,
785 2123 870 2199 doci
904 2124 1008 2197 dixit:
1042 2125 1194 2198 Domine
1221 2125 1314 2220 dua,
1342 2149 1411 2223 epo

313 2231 519 2302 comitatum
538 2227 582 2300 de
598 2227 672 2299 Loa
699 2251 722 2299 a
748 2226 879 2299 domno
905 2229 1070 2322 episcopo
1090 2227 1274 2300 Leodiaasi
1295 2233 1408 2300 tenco.

315 2329 419 2418 (duod
436 2335 562 2401 cartem
576 2329 789 2402 conductum
806 2325 871 2422 p‘ar
883 2333 1018 2400 terram
1038 2352 1154 2400 meam
1173 2327 1322 2422 audatia,
1339 2327 1408 2400 doc

313 2454 356 2500 ea
374 2454 415 2502 eo
433 2429 586 2521 tradetis,
614 2429 709 2524 quod
727 2435 932 2500 antecessor
948 2452 1047 2500 meos
1065 2435 1324 2502 antecessorem
1353 2451 1407 2502 oe-

312 2537 425 2602 strum
453 2529 600 2622 occidit,
628 2535 661 2599 at
689 2531 725 2598 ia
751 2528 946 2601 concordio
972 2531 1075 2614 facto
1101 2529 1315 2602 conductum
1341 2551 1405 2624 par·

311 2637 447 2703 terram
467 2652 571 2702 suam
591 2630 623 2699 ei
639 2628 821 2700 coacessit.
871 2627 1008 2726 Sicqua
1027 2631 1100 2701 dux
1117 2629 1362 2703 Lovaniensis
1382 2655 1403 2706 a

313 2731 437 2804 causis
458 2755 551 2827 quas
571 2737 830 2828 proposuerat,
857 2753 951 2828 quas
969 2729 1019 2802 ita
1041 2754 1168 2804 ossea
1187 2730 1314 2804 multis
1333 2729 1403 2805 cxi·

203 2853 240 2909 'a
256 2832 553 2928 tastimabatur,
581 2829 738 2903 'cecidit
791 2830 846 2903 ue
866 2831 1021 2904 consilio
1041 2841 1167 2904 autom
1193 2833 1400 2931 principum

312 2931 448 3006 ibidem
476 2930 714 3030 privilegium
738 2931 863 3003 comiti
889 2932 1120 3018 Hanoniensi
1152 2933 1220 3006 fuit
1251 2957 1401 3007 conces·

312 3057 416 3130 sum‚
453 3043 490 3106 et
514 3030 736 3106 cancellario
765 3043 801 3106 et
826 3033 1107 3131 prothonotario
1127 3037 1171 3106 ad
1194 3035 1401 3109 faciendum

312 3135 570 3209 commissum.
619 3134 754 3207 Postea
780 3145 906 3208 autem
925 3129 1007 3220 ¹dirx
1032 3135 1303 3234 Lovaniensis,
1337 3159 1401 3236 per
1469 3210 1473 3219 ,

311 3237 487 3310 auxilium
515 3235 660 3308 comitis
680 3235 866 3333 Flauinia,
892 3237 1084 3310 laborabat
1108 3261 1177 3336 per
1201 3239 1281 3312 dics
1301 3241 1336 3335 9,
1361 3249 1400 3314 ut
1489 3261 1490 3290 r

312 3338 499 3412 sententia
527 3336 564 3407 in
589 3336 855 3410 detrimentum
876 3361 985 3410 suum
1007 3347 1045 3410 et
1062 3341 1108 3410 ad
1128 3340 1397 3436 promotionem
1489 3343 1490 3368 i

313 3438 459 3512 comitis
485 3436 737 3512 Hanoniensis
772 3439 848 3511 lata
883 3440 980 3534 apud
1007 3438 1153 3518 Haliam
1187 3439 1397 3538 insuavia,

310 3563 381 3638 per
404 3539 498 3612 alios
523 3537 712 3638 principes
739 3541 835 3637 apud
863 3540 1074 3636 Augustam
1101 3540 1289 3617 civitatem
1317 3567 1396 3616 con·
1489 3589 1490 3634 3

311 3651 491 3738 gregatos
524 3651 785 3736 revocarerum
821 3650 858 3712 ot
885 3639 969 3712 inda
999 3666 1019 3712 a
1048 3643 1269 3718 consiliariis
1297 3645 1394 3718 ducis
1489 3663 1490 3722 ζ

238 3837 240 3840 ¹
312 3743 462 3815 domino
492 3742 573 3840 regi
606 3752 644 3815 ct
675 3740 776 3815 curie
807 3742 883 3814 500
914 3765 1041 3815 maroe
1074 3745 1394 3842 pr·omittebantur;
1489 3767 1490 3770 ’

311 3847 409 3916 unde
428 3843 620 3917 dominum
640 3867 770 3940 regam
789 3843 835 3913 ad
855 3843 928 3915 hoc
945 3843 1186 3944 induxerunt,
1205 3849 1302 3946 quod
1320 3847 1394 3947 ipso
1488 3865 1490 3896 ‘

310 3944 546 4044 privilegium
580 3946 793 4018 faciendum
828 3945 1034 4042 revocavit3
1071 3957 1239 4022 attamen
1274 3959 1393 4021 contra
1489 3993 1490 3996 =

312 4047 488 4121 comitem
516 4046 797 4120 Hancniensem
830 4044 944 4119 nichil
975 4046 1159 4145 proficere
1191 4060 1391 4149 potuerunt.
1488 4065 1490 4132 g

308 4148 447 4247 Sicque
467 4149 568 4222 stetit
590 4148 664 4220 lata
685 4147 881 4224 sententia.
929 4147 1058 4246 itaque
1078 4151 1236 4226 nuncius
1256 4151 1390 4226 comitis
1488 4185 1490 4230 s

202 4293 206 4299 ·
313 4277 336 4349 1)
356 4273 497 4332 Acrochot.
572 4277 600 4349 2)
620 4275 693 4333 Otto.
769 4275 795 4350 3)
816 4274 1008 4332 Theodericus.
