3118 4786
381 429 662 506 CHRONICON
687 429 1009 505 HANONIENSE.
1172 432 1243 508 125

145 636 263 736 phum
282 635 328 708 de
347 633 508 708 Cociaco
528 657 658 707 mense
676 633 770 706 lulio
790 633 908 706 movit
931 631 1147 707 exercitum.
1201 631 1334 705 Inna.

145 760 220 834 quo
237 734 385 808 comitis
395 733 648 809 Hanoniensis
662 733 855 830 auxilium,
871 733 969 830 sicut
981 743 1242 829 consueverat,

144 835 361 936 postulavit.
415 835 552 910 Comes
580 845 709 908 autem
734 833 1005 929 Hanoniensis‚
1031 833 1166 905 intuitu
1192 832 1244 904 di-

145 936 319 1012 lectionis
351 946 389 1010 et
420 935 542 1010 iurate
574 933 890 1010 confederationis
920 943 1116 1032 respectu,
1156 957 1244 1006 cum

146 1037 315 1112 exercitu
342 1039 417 1110 400
439 1036 601 1109 militum
630 1046 668 1110 et
691 1038 741 1110 60
763 1034 909 1108 milium
941 1034 1138 1106 hominum
1164 1043 1244 1106 tam

144 1137 315 1235 equitum
333 1161 447 1234 quam
473 1137 643 1235 peditum
667 1137 713 1208 ad
740 1134 922 1208 auxilium
944 1134 1046 1207 illius
1064 1133 1167 1208 venit
1184 1157 1244 1205 su-

145 1263 214 1336 per
226 1236 383 1311 lluvium
397 1237 460 1335 qui
474 1237 609 1310 dicitur
621 1237 753 1334 Ysara,
767 1235 864 1309 inter
877 1234 980 1313 Erini
995 1245 1033 1308 et
1046 1232 1244 1330 Machini¹‚

145 1339 208 1412 ubi
228 1361 357 1412 comes
377 1337 549 1413 Flandrie
568 1361 679 1410 suum
699 1338 906 1411 exercitum
925 1344 1243 1433 congregaverat3

145 1438 295 1512 comitis
316 1449 444 1512 autem
462 1438 635 1513 Flandrie
654 1436 841 1512 exercitus
860 1438 905 1509 ad
925 1436 1029 1510 mille
1048 1435 1187 1510 milites
1206 1446 1244 1508 et

143 1539 191 1612 ad
212 1540 373 1612 ducenta
399 1538 503 1613 milia
528 1539 728 1612 hominum
755 1549 834 1612 tam
854 1537 1022 1634 equitnm
1041 1561 1155 1633 quam
1179 1559 1243 1634 pe-

143 1639 266 1711 ditum
285 1639 545 1711 extimabatur.
590 1638 824 1714 Exercitibus
850 1636 1068 1711 autemillis
1087 1660 1245 1734 congre·

146 1739 245 1840 gatis
265 1749 303 1813 et
325 1739 362 1811 in
382 1739 525 1811 malum
545 1738 730 1836 Radulphi
758 1739 803 1811 de
822 1737 983 1810 Cociaco
1002 1736 1163 1834 paratis,
1190 1736 1245 1806 in·

144 1840 255 1914 ducie
272 1864 341 1938 per
359 1839 517 1912 nuncios
536 1837 637 1936 regis
656 1837 889 1911 Francorum
912 1847 950 1910 et
976 1861 1043 1934 per
1065 1836 1244 1908 interces-

144 1941 293 2014 sionem
311 1939 460 2013 comitis
475 1937 727 2013 Hanoniensis
745 1938 899 2012 fuerunt
916 1937 1076 2010 firmate.
1105 1935 1243 2010 Comes

146 2039 532 2114 autemHanoniensis
548 2042 593 2112 ab
608 2039 845 2139 expeditione
859 2038 924 2110 illa
938 2037 1099 2134 rediens,
1115 2036 1244 2108 statim

148 2142 193 2213 ad
213 2141 393 2212 auxilium
408 2140 557 2214 comitis
571 2139 839 2213 Namurcensis
859 2138 1033 2212 avunculi
1052 2137 1111 2211 sui
1130 2161 1245 2234 super

146 2242 310 2338 quadam
330 2265 467 2338 guerra
488 2265 574 2312 cum
588 2238 754 2313 exercitu
769 2263 838 2311 suo
854 2249 930 2310 tam
947 2238 1116 2334 equitum
1131 2261 1244 2333 quam

144 2340 313 2440 peditum
342 2339 559 2438 properavit
585 2349 623 2413 et
649 2363 737 2412 cum
764 2338 949 2412 avunculo
978 2361 1046 2410 suo
1077 2347 1245 2409 castrum

145 2441 350 2515 Rocefort²
369 2439 525 2514 obsedit.
577 2439 773 2512 Avunculc
793 2449 921 2512 autem
940 2462 1009 2511 suo
1028 2462 1096 2534 per
1118 2446 1244 2509 tantas

144 2542 244 2615 vires
264 2543 309 2616 ad
334 2565 469 2639 pacem
487 2539 558 2613 sibi
577 2541 776 2614 honestam
801 2539 996 2638 perducto,
1023 2561 1151 2611 comes
1171 2537 1244 2610 Ha-

146 2641 351 2738 noxiensis,
379 2641 441 2739 qui
468 2653 506 2716 et
532 2641 569 2713 in
589 2639 827 2740 expeditione
846 2639 995 2714 comitis
1014 2639 1041 2710 F
1043 2637 1187 2711 landrie
1207 2648 1245 2711 et

146 2742 320 2819 avunculi
340 2743 398 2814 sui
417 2742 654 2841 expeditione
673 2741 710 2813 in
728 2739 890 2840 propriis
906 2739 1081 2837 expensis
1096 2763 1244 2810 moram

144 2843 300 2938 fecerat,
319 2842 364 2914 ad
384 2841 536 2940 propria
554 2842 681 2916 rediit.
720 2841 862 2916 Deinde
881 2842 1063 2914 suadente
1081 2839 1242 2936 dyabulo
1272 2857 1333 2919 post

147 2953 229 3017 orte
249 2952 337 3015 sunt
353 2943 468 3015 nimie
487 2941 586 3014 inter
603 2941 780 3015 comitem
804 2941 977 3014 Flandrie
996 2952 1034 3015 et
1052 2919 1353 3013 vinnan-Nm·

143 3043 205 3116 die
223 3043 437 3139 Philippum
465 3053 503 3114 et
520 3041 713 3113 dominum
732 3065 843 3113 suum
862 3065 993 3138 regem
1012 3041 1244 3112 Francorum

145 3141 361 3238 Philippum
393 3141 590 3213 discordie.
643 3140 684 3211 ln
711 3165 785 3236 qua
811 3140 998 3211 discordia
1024 3140 1242 3236 hadulphus

145 3239 541 3337 comesClarimontiS‚
561 3251 764 3338 prepotens
775 3237 812 3311 in
823 3239 990 3312 consiliis
1000 3237 1118 3337 ipsius
1129 3239 1243 3338 regis,

145 3342 284 3415 dicitur
305 3342 518 3436 laborasse,
547 3364 633 3413 cum
659 3339 876 3414 neccbmiti
895 3364 1094 3438 rexsuper
1117 3339 1241 3436 aliquo

144 3444 292 3516 honore
306 3443 366 3516 vel
385 3441 593 3516 hereditate
606 3440 797 3515 videretur
810 3439 985 3514 iniuriam
1003 3441 1154 3539 inferre7
1173 3465 1244 3514 nec

143 3566 276 3617 comes
296 3542 495 3615 adversum
523 3566 655 3641 regem
681 3541 719 3615 in
744 3541 869 3639 aliquo
889 3542 1033 3616 honore
1051 3542 1112 3615 vel
1136 3542 1243 3616 here-

142 3645 262 3718 ditate
281 3642 470 3716 videretur
489 3642 732 3738 ‘contrarius5
751 3643 816 3716 sed
836 3642 1048 3740 quicquain
1068 3669 1137 3718 sua
1156 3661 1283 3719 con-*t
1298 3661 1344 3717 39.

144 3744 267 3818 fidens
292 3743 442 3816 feritate
465 3753 508 3816 et
532 3742 702 3840 potentia
728 3743 864 3840 nimia,
888 3744 934 3816 ad
959 3771 1136 3844 guerram
1160 3772 1242 3844 per-

144 3845 274 3918 venire
292 3843 493 3918 festinavit.
545 3844 650 3918 Unde
669 3867 798 3917 comes
817 3856 1013 3943 assumpta
1031 3847 1243 3946 occasione,

144 3969 170 4016 a
187 3944 385 4042 Radulphu
404 3943 542 4017 comite
567 3944 808 4018 Clarimnntis
833 3956 999 4019 castrum
1024 3971 1135 4020 suum
1155 3947 1243 4023 Bre-

146 4043 257 4141 tunt,
279 4046 376 4142 quod
392 4047 438 4116 ab
454 4069 498 4119 eo
517 4048 680 4144 tenebat,
701 4045 770 4119 sibi
787 4048 1020 4120 reddendum
1038 4049 1241 4146 requisivit.

144 4197 173 4265 ,ll
194 4196 298 4269 Origny
317 4208 345 4252 et
362 4197 526 4272 Macquigny
545 4203 579 4254 ad
599 4197 664 4256 Oise
684 4202 710 4255 ll.
802 4201 830 4274 2)
851 4200 999 4256 llocbelort
1018 4219 1102 4274 prope
1120 4203 1242 4262 Jemelle.
1335 4175 1339 4180 ⁵

142 4270 173 4342 3)
194 4269 323 4336 breteuil,
344 4289 358 4324 a
379 4269 511 4326 Benurais
531 4276 565 4327 ad
585 4285 710 4345 septentr.
