3066 4788
407 412 1019 491 CHRONlCONllANONlENSE.
1202 353 1266 488 ⁴89

168 619 255 690 dum
271 617 339 692 sibi
354 615 622 715 imperatorem
633 613 656 686 ¹.
698 616 792 690 Cum
807 623 935 686 autern
952 636 1068 710 super
1082 612 1267 686 electione

159 716 262 792 tanti
280 718 435 791 honoris
455 726 510 790 tot
527 727 563 790 et
576 715 670 788 tanti
686 713 875 812 principes
890 713 1147 809 dissentirentq
1166 737 1268 786 com-
1319 729 1320 732 ’

167 818 273 891 muni
292 841 483 892 consensu
503 827 540 890 et
559 816 715 889 consilio
734 815 951 913 inquatuor
968 813 1158 912 principes
1184 837 1268 911 pre·

123 993 137 1012 ,
167 929 344 1018 potentes
364 941 481 1015 super
498 918 570 990 hac
589 916 773 990 electione
800 914 1154 1013 compromiserunt,
1178 937 1269 1013 quc·

167 1043 251 1092 rum
280 1043 375 1092 unus
402 1018 471 1090 fuit
495 1017 714 1090 Fredericus
741 1015 932 1114 predictus
952 1016 1163 1089 Suevorum
1183 1019 1269 1111 drrx,

167 1143 290 1217 nepos
319 1117 521 1216 supradicti
548 1117 707 1190 Conradi
733 1118 851 1214 regis,
877 1115 939 1214 qui
957 1116 1178 1190 Frederieus
1200 1139 1269 1214 pre

169 1220 306 1292 ceteris
321 1219 457 1292 milicia
475 1229 512 1292 et
526 1217 766 1292 animositate
779 1216 948 1290 florebat.
975 1217 1126 1289 lllorum
1142 1227 1270 1290 autem

169 1331 341 1417 quatuor7
361 1343 520 1416 quorum
539 1317 773 1417 dispositioni
792 1317 998 1415 imperialis
1020 1317 1152 1391 electio
1169 1340 1271 1389 com·
1300 1397 1303 1404 .

167 1419 287 1494 missa
307 1431 399 1515 eran
423 1419 582 1517 quisque
602 1422 646 1492 ad
666 1419 785 1517 ipsius
804 1417 1015 1492 maiestatis
1035 1418 1185 1491 culmen
1205 1441 1269 1490 an·

167 1520 329 1594 belabat.
356 1521 574 1594 Fredericus
595 1531 723 1592 autern
742 1529 888 1593 astutus
904 1529 942 1592 et
956 1518 1115 1614 vividus⁷
1134 1517 1269 1616 cuique

169 1621 359 1694 sociorum
375 1645 529 1692 suorum
544 1621 702 1717 loquens
719 1620 917 1716 secretius,
932 1643 1122 1718 quemque
1138 1642 1269 1691 eorum

168 1724 215 1794 ad
243 1720 444 1816 imperium
470 1722 628 1792 tendere
659 1721 841 1815 faciebat,
876 1720 1101 1817 promittens
1135 1719 1269 1817 cuique

169 1821 371 1919 imperium
400 1821 431 1894 si
461 1819 495 1893 ei
524 1820 593 1892 soli
621 1822 667 1892 ab
696 1820 751 1894 eis
774 1819 892 1893 tribus
912 1829 990 1898 tota
1017 1819 1149 1893 electio
1170 1843 1270 1892 com·

169 1921 391 1996 mitteretur.
426 1923 519 1994 Tres
538 1919 655 2018 igitur
668 1921 706 1993 in
726 1931 901 2018 quartum
919 1920 1159 1994 Fredericum
1177 1920 1271 1994 Sue-

170 2047 303 2096 vorum
329 2025 477 2118 ducem,
495 2020 569 2094 fide
589 2031 628 2094 et
645 2021 858 2094 iuramento
878 2021 973 2094 datis
993 2021 1271 2117 securitatibusq

162 2134 286 2197 totam
307 2122 531 2196 electionem
551 2133 771 2220 posuerunt.
798 2121 1022 2196 Convocatis
1043 2133 1169 2194 autern
1186 2121 1270 2196 aliis

168 2223 400 2322 principibus
425 2223 599 2295 omnibus
628 2223 689 2321 qui
716 2222 753 2294 in
772 2223 887 2319 ¹ipsos
913 2229 1073 2320 quatuor
1100 2246 1270 2320 compro·

169 2323 355 2396 miserant
383 2333 420 2394 et
443 2321 529 2394 inde
554 2320 667 2394 fidem
692 2322 874 2416 fecerant,
901 2331 979 2394 tres
1000 2321 1163 2418 professi
1183 2333 1271 2395 sunt

172 2427 269 2522 quod
291 2422 360 2496 soli
380 2423 591 2522 Suevorum
612 2421 695 2494 duci
719 2432 836 2494 totam
864 2422 1087 2494 electionem
1116 2446 1271 2496 conces·

171 2534 311 2598 serant.
359 2523 553 2597 Universis
573 2533 699 2596 autem
720 2522 956 2596 audientibus
977 2533 1014 2594 ot
1033 2546 1106 2595 nen
1128 2534 1272 2596 contra·

171 2625 395 2721 dicentibus,
421 2625 641 2697 Fredericus
667 2624 756 2714 dixit
779 2647 821 2698 se
841 2626 887 2696 de
907 2623 1093 2722 sanguine
1112 2624 1272 2723 impera-

171 2737 296 2798 torum
328 2736 452 2824 ortum
481 2749 588 2820 esse,
622 2729 731 2798 etad
759 2727 970 2822 regendum
999 2725 1199 2822 imperium
1229 2749 1272 2799 se

172 2827 315 2900 nullum
340 2826 536 2915 meliorem
564 2827 675 2921 scire7
703 2835 740 2899 et
764 2825 848 2916 ideo
874 2828 920 2898 ad
938 2836 1042 2898 tante
1061 2824 1272 2898 maiestatis

174 2927 321 3025 apicem
341 2951 383 3000 se
404 2927 576 3023 eligebat.
621 2929 726 3000 Unde
750 2925 858 2998 multi
877 2925 938 3022 qui
959 2951 1045 2999 eum
1065 2927 1275 3000 dilexerant

173 3027 306 3100 maiori
325 3027 461 3121 gaudio
483 3026 710 3118 exultabant,
732 3025 882 3122 quidam
902 3037 1029 3119 autern
1049 3051 1115 3122 pro
1135 3026 1274 3099 invidia

175 3123 400 3200 et'avarieia
429 3124 617 3217 dolebant,
645 3127 710 3195 sed
733 3123 907 3196 electioni
927 3125 1113 3197 contraire
1132 3128 1273 3222 nequa-

175 3249 287 3323 quam
303 3232 487 3322 poterant.
513 3223 734 3296 Fredericus
750 3233 891 3318 autem‚
906 3222 968 3320 qui
983 3226 1029 3296 ad
1046 3236 1273 3298 conventum

176 3325 369 3400 electionis
390 3325 475 3396 cum
496 3323 729 3422 providentia
748 3323 961 3396 veneratio
980 3325 1098 3398 tribus
1125 3325 1272 3400 milibus

174 3426 334 3500 militum
361 3435 606 3522 armatorum,
635 3449 719 3498 curn
745 3424 987 3498 festinatione
1013 3426 1161 3524 Spiram
1188 3426 1275 3500 eivi-

173 3538 292 3602 tatem
321 3526 427 3620 adiitq
454 3525 579 3624 ibique
605 3549 647 3600 se
675 3527 711 3598 in
740 3549 872 3623 regem
901 3527 1072 3600 coronari
1097 3527 1198 3624 fecit,
1226 3553 1274 3602 ne

177 3629 261 3726 quis
289 3626 358 3700 sibi
387 3626 543 3700 ulterius
568 3637 700 3724 posset
717 3627 910 3700 resistere.
963 3629 1051 3701 Inde
1072 3639 1280 3702 coronatus

175 3727 291 3827 Aquis
319 3727 498 3827 palatium
525 3727 641 3822 venit,
664 3727 713 3800 ibi
734 3751 911 3800 coronant
931 3729 1077 3825 regiam
1097 3730 1275 3826 gestavit,

177 3840 216 3903 et
240 3831 481 3928 postmodum
507 3838 617 3900 nacto
636 3838 808 3926 tempore
827 3829 985 3902 Romam
1007 3829 1180 3924 veniens,
1207 3828 1275 3902 im-

175 3929 309 4028 periali
337 3953 478 4022 corona
500 3929 702 4025 insignitus
731 3929 819 4024 fuit,
846 3953 1077 4026 uxoremque
1102 3928 1204 4002 duxit
1228 3932 1275 4002 de

167 4029 428 4128 -Burgundial,
456 4053 502 4102 ex
522 4028 627 4102 cuius
647 4039 753 4127 parte
772 4029 1041 4103 Besantionem
1062 4027 1277 4107 civitatem.³

179 4183 205 4256 l)
220 4181 292 4238 Num
313 4185 450 4258 sequentia
471 4185 587 4256 quadam
606 4183 746 4238 electionis
762 4181 881 4238 Letharii
898 4182 947 4237 lll.
964 4183 1151 4238 recordatione
1167 4183 1211 4238 bic
1226 4202 1276 4240 re·-

178 4258 308 4324 lerantur,
329 4259 356 4312 in
377 4258 465 4312 medic
485 4257 617 4329 relinquo.
657 4270 660 4275 ·
692 4257 719 4328 2)
738 4254 898 4312 Beatricem.
974 4256 1000 4329 ³)
1019 4253 1171 4322 Besanqon.
1220 4271 1221 4276 ¹
