3002 4790
230 419 508 498 marsinam
534 397 676 502 cunm
702 394 1038 497 unnomn'nsis
1072 426 1075 433 ’
1111 423 1184 500 ιιι

14 687 16 692 ,
86 625 186 739 tari,
191 647 281 700 cum
296 623 389 698 satis
410 631 557 696 constet
575 623 672 720 quod
688 647 710 697 a
725 621 922 721 sexaginta
938 623 998 696 vel
1013 622 1184 739 pluribus
1248 681 1253 690 .

87 726 196 804 annis
216 725 324 824 panis
344 723 406 798 ille
425 747 494 822 per
512 721 721 821 oostagiam
738 723 876 799 domini
896 724 1043 798 comitis
1062 735 1185 880 porta·

87 838 150 902 tus
169 825 291 900 fuerit

124 927 288 1004 Pistor
305 925 553 1004 hereditarius
572 924 733 998 faciendi
751 893 887 1024 panem
904 911 1059 1000 comitis
1071 938 1109 1002 ει
1126 951 1186 1000 cu-

89 1027 144 1102 rie
165 1039 224 1108 est
236 1026 431 1108 Bernerus
451 1027 654 1124 agnomine
673 1027 935 1124 Malescherie,
956 1027 1060 1100 ouius
1080 1027 1187 1144 mini

14 1199 16 1204 .
90 1129 248 1203 sterium
269 1131 456 1227 quondam
477 1128 544 1202 fuit
562 1127 746 1203 Herberti.

167 1233 304 1308 Custos
336 1229 445 1328 panis
472 1229 632 1326 aportati
660 1231 713 1302 ad
732 1229 875 1304 curiam
899 1240 936 1305 et
960 1229 1211 1305 mensalium

91 1342 151 1408 est
163 1333 283 1406 heres
302 1331 518 1428 Eugelberti
539 1333 584 1404 de
604 1329 801 1429 Gamapia,
826 1331 1014 1411 lohannes
1034 1331 1187 1406 scilicet.

164 1432 364 1530 Impositor
388 1455 609 1506 mensarum
635 1442 673 1504 et
698 1432 924 1506 mensalium
950 1457 1066 1529 super·
1084 1446 1188 1511 mem
1268 1432 1276 1448 “

92 1557 156 1615 sas
177 1543 214 1606 et
237 1533 407 1630 portandi
434 1557 573 1631 panem
598 1543 687 1631 post¹
707 1533 932 1630 panitarium
958 1537 1003 1610 ad
1024 1534 1189 1608 servien-

15 1709 19 1716 ,
92 1637 180 1706 dum
199 1645 238 1708 et
255 1634 553 1709 distribuendum
576 1634 613 1705 in
631 1635 744 1706 'curia
765 1644 824 1708 est
846 1635 960 1708 heres
979 1635 1125 1710 Thome
1144 1637 1189 1708 tle
1241 1659 1242 1664 ¹

15 1743 16 1746 ’
46 1810 48 1816 ,
91 1735 231 1830 Craco,
260 1745 297 1808 et
324 1727 572 1810 ministerium
600 1733 689 1810 illud
716 1735 886 1808 obtinere
905 1738 1028 1832 debet,
1054 1757 1190 1834 quous·

32 1839 36 1842 ’
92 1853 165 1934 que
186 1835 434 1950 pergratiam
453 1835 521 1910 Dei
548 1836 594 1908 ad
615 1834 845 1932 panitariam
865 1837 1105 1911 Duacensem
1133 1861 1190 1910 re·

14 2021 16 2032 ι
52 1999 59 2012 .
93 1937 364 2036 direpotuerit

14 2115 15 2118 ,
155 2039 288 2111 Heres
317 2037 402 2110 dieti
429 2037 573 2110 Thorne
601 2040 647 2110 de
674 2038 791 2112 Craco
819 2037 1021 2112 hostiarius
1055 2049 1112 2110 est
1144 2039 1190 2109 de

94 2139 304 2214 ministerio
342 2137 546 2236 acquisito,
586 2141 685 2274 quod
721 2137 809 2210 olim
845 2139 968 2212 fuerat
1002 2138 1191 2266 Lamberti

14 2331 15 2336 Ἰ
93 2239 245 2318 ostiarii

14 2337 16 2340 ’
170 2339 381 2414 Gossumus
400 2338 535 2410 ianitor
554 2349 622 2412 est

168 2441 291 2514 Heres
322 2439 481 2512 Amandi
515 2439 711 2512 camerarii
748 2439 785 2511 in
822 2449 899 2512 toto
940 2440 1116 2514 comitatu
1153 2449 1203 2513 etv
1288 2475 1290 2482 ·

14 2509 17 2576 s
94 2534 348 2616 dominatione
375 2541 593 2615 Hainoiensi
621 2551 709 2639 post
737 2541 928 2636 dominum
957 2545 1006 2614 de
1026 2539 1191 2615 Berlain-

14 2661 16 2710 ῖ
93 2655 201 2716 mont
229 2643 458 2747 camerarius
488 2653 564 2738 est,
600 2653 639 2714 et
664 2643 778 2716 habet
803 2645 848 2716 de
880 2643 1088 2715 ministerio
1121 2647 1190 2714 s'uo
1273 2695 1276 2700 -

14 2795 15 2800 κ
93 2745 206 2857 pallia
234 2767 302 2816 seu
330 2767 445 2856 capas
474 2699 661 2838 omilium,
685 2744 746 2841 qui
771 2727 1029 2841 hominagium
1049 2743 1191 2816 faciunt

14 2867 15 2876 ¹
95 2843 246 2923 domino
267 2841 390 2914 comiti
410 2841 640 2914 Hainoiensi

14 3015 16 3026 ,,
87 2963 90 2970 “
170 2943 264 3020 Est
256 2969 293 3015 m
308 2942 563 3026 dominatione
577 2939 795 3016 Hainoiensi
811 2931 1061 3019 ministerium
1078 2909 1192 3042 quod

14 3051 17 3090 ι
60 3105 63 3108 .
97 3049 196 3142 dam,
224 3048 319 3143 quod
347 3044 414 3115 fuit
433 3043 621 3134 Herberti,
650 3067 711 3140 qur
702 3043 967 3118 Camerarius
988 3045 1191 3138 dicebatur,

14 3147 18 3244 ᾗ
96 3157 134 3220 et
153 3156 235 3219 erat
262 3149 308 3220 de
336 3144 543 3216 ministerio
570 3167 639 3220 suo
663 3145 789 3217 facere
815 3145 992 3218 candelas
1012 3156 1192 3260 precepto

14 3249 16 3322 ᾗ
97 3247 294 3321 camerarii
329 3257 366 3318 et
396 3269 465 3344 per
486 3248 635 3360 'pondus
655 3245 861 3318 camerario
882 3247 1000 3318 factas
1021 3247 1192 3346 ammini-

14 3409 16 3440 ξ
97 3360 231 3424 strnue
279 3347 566 3430 amministrare
587 3345 698 3418 eliam
719 3371 856 3445 aquam
878 3347 949 3462 ipsi
971 3343 1192 3462 camerario,

14 3455 15 3462 ’
95 3461 137 3524 ut
156 3451 240 3548 ipse
259 3450 489 3524 camerarius
506 3473 589 3528 eam
610 3448 777 3546 porrigat
793 3448 918 3522 comiti
935 3459 972 3521 et
986 3449 1191 3544 comitisse,

14 3597 16 3648 5
95 3551 179 3650 ipse
211 3561 337 3624 autem
369 3551 491 3624 minor
514 3549 748 3623 camerarius
777 3549 920 3634 clericis
947 3562 983 3622 et
1014 3549 1192 3624 militibus

98 3677 249 3750 aquam
264 3654 375 3725 debet
401 3650 608 3766 porrigere,
636 3651 703 3724 sed
723 3652 769 3724 de
788 3651 996 3725 ministeriu
1015 3651 1106 3723 illo
1097 3663 1194 3725 mter

14 3795 15 3798 ¹
97 3755 262 3830 heredes
285 3753 474 3850 contentio
498 3762 576 3848 est,
605 3763 643 3824 et
667 3752 765 3858 illius
793 3751 903 3826 olfioii
928 3755 1055 3828 facere
1072 3753 1194 3825 lectos

14 3871 16 3926 ζ
97 3879 338 3932 necessarios
359 3879 471 3928 curre

173 3951 1196 4054 ReneruS,Anselmiquouilamfilius,scutellariusest.

122 4073 123 4076 ’
174 4057 363 4130 Walterus
400 4055 558 4154 figulus,
591 4058 709 4128 Adam
742 4057 944 4153 agnomine
975 4056 1081 4128 Bone
1112 4055 1193 4128 Vite

14 4165 17 4252 ξ
98 4155 213 4252 filius,
227 4158 476 4230 ministerium
497 4159 610 4231 habet
630 4157 862 4232 ministrandi
882 4160 928 4230 ad
943 4157 1083 4229 curiam
1099 4156 1211 4228 ollas·
1275 4207 1276 4212 ,

14 4285 19 4328 ι
99 4256 294 4356 figularias
313 4268 391 4330 tam
411 4262 457 4332 ad
478 4253 667 4332 cameram
685 4283 796 4356 quam
813 4263 857 4334 ad
875 4255 1071 4357 coquinam
1093 4268 1130 4331 et
1148 4260 1198 4331 ad,
