3118 4786
376 401 655 478 canonicor
680 370 1002 478 -rnnonicnsn
1165 410 1238 479 ns

135 615 381 706 prepotentes
391 629 477 680 cum
492 603 576 680 aliis
590 603 787 680 nobilibus.
815 604 1330 702 Feriaseouuda'pelrtsssnst.

137 702 278 803 costes,
296 706 471 782 dominus
486 704 671 782 Henricus
690 731 756 780 rex
774 705 1032 780 Romanorum
1051 716 1088 780 et
1106 695 1312 818 Fredeffl'l·

138 799 240 882 ricus
259 808 333 880 dux
351 805 583 894 Suevuruun
610 805 752 880 domini
771 805 958 882 Frederici
982 806 1240 880 Romanorum
1286 810 1293 822 '

138 906 380 1006 imperaturis
399 906 479 1001 lilii,
501 906 588 982 novi
608 905 768 980 ordinati
786 918 875 980 sunt
892 906 1130 1006 milites,=pro
1150 931 1240 1004 quo.-

139 1031 224 1084 rum
250 1007 396 1082 honore
422 1009 467 1081 ab
492 1007 587 1106 ipsis
606 1018 644 1082 et
668 1009 714 1081 ab
733 1006 919 1083 universis
945 1007 1175 1107 principibus
1202 1017 1241 1081 et

139 1106 224 1182 uliis
255 1106 443 1182 nobilibus
475 1109 596 1182 multa
626 1107 827 1206 militibus,
862 1107 1019 1206 captivis
1055 1119 1094 1182 et
1128 1131 1241 1182 cruce

139 1207 299 1306 signatis
328 1217 365 1284 et
388 1207 659 1284 ioculatoribus
678 1218 718 1284 et
734 1207 1015 1284 ioculatricibus
1034 1210 1123 1282 datu
1140 1219 1240 1305 sunt,

141 1307 287 1392 scilicet
313 1307 411 1407 equi,
439 1318 565 1384 vestes
592 1309 777 1407 preciose,
804 1333 939 1384 aurum
966 1320 1004 1384 et
1027 1319 1239 1408 argentum.

139 1407 332 1508 Principes
359 1407 460 1483 enim
487 1408 606 1484 etalii
632 1408 780 1484 nobiles
797 1434 873 1482 non
893 1411 1018 1483 solum
1036 1434 1105 1507 pro
1124 1411 1241 1484 domis

141 1533 278 1582 norum
296 1532 470 1604 suorum,
497 1509 643 1584 scilicet
660 1508 901 1608 imperatoris
918 1520 957 1584 et
974 1510 1056 1586 eius
1073 1509 1241 1584 filiorum

141 1609 304 1705 honore,
340 1610 407 1683 sed
438 1609 560 1684 eciam
592 1635 659 1709 pro
691 1610 750 1684 sui
776 1609 917 1709 proprii
947 1610 1109 1685 nominis
1139 1612 1241 1684 famu

141 1707 345 1805 dilatanda,
372 1709 515 1806 largius
534 1732 603 1784 sua
623 1712 840 1806 erogabant.
894 1709 1003 1784 Feria
1020 1712 1186 1784 secunda
1205 1720 1243 1784 et
1376 1721 1379 1724 ’

139 1809 235 1884 feria
252 1808 370 1884 tercia
389 1819 476 1908 pust
502 1808 671 1907 prandia,
698 1809 771 1907 ipsi
788 1809 1028 1907 imperaturis
1047 1810 1115 1883 lilii
1133 1834 1242 1909 gyro·

141 1909 274 2008 rugari
292 1920 492 2008 ceperunt,
511 1910 550 1984 iu
569 1933 643 2008 quo
662 1934 756 2008 gyro
775 1935 844 2008 per
862 1909 1146 1984 extimationem
1164 1911 1244 1984 iue-

142 2021 232 2084 runt
248 2009 389 2086 milites
403 2013 454 2084 20
471 2011 576 2086 milia
594 2021 633 2086 et
650 2009 823 2108 amplius.
857 2009 1000 2110 Gyrum
1015 2021 1143 2086 autem
1162 2010 1245 2084 sine

143 2109 260 2186 armis
296 2110 386 2206 fuit,
417 2111 456 2183 in
483 2110 601 2186 scutis
628 2109 767 2188 etenim
792 2112 968 2210 gerendis
995 2122 1034 2186 et
1056 2110 1176 2185 hastis
1206 2120 1245 2185 et

142 2208 307 2286 baneriis
333 2220 371 2284 et
402 2233 516 2286 cursu
543 2234 728 2308 equorum
754 2212 897 2307 absque
922 2210 1057 2284 ictibus
1083 2211 1245 2284 delecta·

143 2311 281 2386 bantur
298 2309 449 2384 milites.
494 2309 536 2382 ln
555 2310 689 2384 eodem
708 2334 801 2407 gyro
820 2310 946 2408 ipsum
965 2310 1159 2383 dominum
1171 2310 1246 2382 im·

143 2421 361 2509 peratorem
385 2409 646 2506 Fredericum,
678 2409 850 2506 quamvis
877 2412 1013 2486 ceteris
1040 2436 1117 2484 non
1143 2421 1246 2485 esset

144 2535 305 2610 corpore
323 2510 446 2586 maior
463 2510 523 2586 vel
542 2509 747 2607 decentior,
771 2519 899 2586 tamen
917 2536 984 2609 pre
1003 2511 1139 2585 ceteris
1157 2535 1246 2586 eum

143 2636 278 2725 gerere
296 2621 446 2686 scutum
466 2633 578 2686 suum
597 2609 780 2707 'decebat
799 2610 859 2686 cui
873 2635 1003 2687 comes
1017 2611 1189 2686 Hauonie
1206 2611 1287 2684 inu.
1300 2626 1346 2680 ro.

142 2712 208 2787 illo
232 2735 327 2809 gyro
347 2712 550 2807 famulans,
577 2712 729 2786 hastam
746 2734 857 2787 suam
876 2712 910 2786 ci
928 2715 1114 2812 portabat.
1159 2713 1319 2811 lpsunat.

145 2822 274 2888 autem
290 2810 385 2888 feria
398 2810 516 2888 tercia
531 2813 577 2884 ad
592 2835 791 2912 vesperam
808 2823 944 2888 ventus
954 2813 1109 2888 ¹validus
1126 2799 1299 2886 imur-2²·

144 2911 259 3010 rexit,
287 2910 350 3010 qui
378 2912 565 3010 capellam
584 2911 725 2988 domini
749 2912 990 3011 imperatoris
1007 2923 1045 2988 et
1062 2913 1247 3010 quasdam

6 3039 7 3090 1
145 3012 295 3110 dumos,
313 3010 363 3085 ibi
381 3012 528 3086 noviter
544 3013 665 3086 sactus
683 3012 721 3086 in
739 3013 858 3111 pratis
876 3013 979 3086 iuxta
996 3013 1143 3088 Renum
1162 3037 1247 3112 pro·

146 3123 232 3212 pter
261 3110 392 3210 populi
424 3110 723 3204 multitudinem,
753 3110 967 3209 prostravit.
1018 3112 1060 3184 ln
1087 3137 1247 3210 quarum

146 3211 257 3286 ruina
273 3211 449 3286 homines
474 3210 618 3308 aliquot
644 3210 783 3284 mortui
810 3219 915 3304 suut,
940 3210 1103 3284 tentoria
1127 3211 1246 3285 multu

148 3311 308 3411 disrupit
338 3321 376 3388 et
407 3310 592 3386 universis
623 3320 768 3387 metum
799 3308 934 3384 intulit.
986 3309 1087 3384 Satis
1119 3321 1247 3386 autem

149 3422 300 3488 cunstat
317 3413 356 3486 in
373 3411 478 3486 curia
496 3411 574 3507 illa,
593 3410 692 3486 sicut
709 3410 979 3511 supradictum
994 3422 1063 3508 est,
1082 3417 1132 3487 70
1144 3411 1249 3486 milia

6 3515 8 3580 ἶ
147 3513 288 3590 milites
314 3512 446 3610 fuisse,
473 3511 661 3590 onmium
688 3511 872 3589 nominati
894 3510 1084 3611 principes
1108 3523 1165 3586 tot
1182 3514 1248 3587 ha·

147 3617 310 3694 luerunt
334 3613 384 3690 ibi
411 3612 567 3708 milites,
593 3612 739 3690 scilicet
762 3613 836 3688 dux
853 3611 1008 3686 Boenrie
1032 3615 1106 3686 duo
1130 3613 1247 3712 milia,

7 3771 8 3812 ,
149 3715 224 3790 dux
237 3713 389 3789 Austrie
403 3718 490 3811 500,
509 3713 584 3786 dux
597 3712 792 3787 Saxonum
806 3717 893 3807 700,
911 3737 1041 3788 comes
1059 3713 1248 3812 palatinus

147 3814 242 3890 Reni
264 3819 362 3892 1000
380 3824 445 3889 aut
461 3815 604 3913 plures,
630 3812 847 3914 langravius
865 3813 1047 3912 Duringie
1068 3817 1166 3888 1000
1184 3824 1250 3888 aut

148 3917 296 4015 plures,
323 3915 498 4002 dominus
526 3915 741 3992 Conrardus
768 3914 967 4013 Maguncie
998 3912 1249 4012 archicpisco-

149 4040 235 4115 pus,
252 4016 493 4116 imperatoris
512 4013 828 4114 consanguinem,
851 4017 959 4111 1000,
980 4013 1154 4087 dominus
1167 4013 1250 4088 Plri-

148 4115 275 4231 lippus
285 4116 523 4192 Coloniensis
537 4115 859 4216 archiepiscopus,
877 4112 1250 4189 comitisHanouien·

150 4241 204 4291 srs
232 4216 555 4316 consanguinem,
591 4221 705 4316 1700,
737 4215 911 4290 dominus
943 4215 1249 4314 archiepiscopus
