<?xml version="1.0" encoding="UTF-8"?>
<!DOCTYPE html PUBLIC "-//W3C//DTD XHTML 1.0 Transitional//EN"
    "http://www.w3.org/TR/xhtml1/DTD/xhtml1-transitional.dtd">
<html xmlns="http://www.w3.org/1999/xhtml" xml:lang="en" lang="en">
 <head>
  <title>
</title>
<meta http-equiv="Content-Type" content="text/html;charset=utf-8" />
  <meta name='ocr-system' content='tesseract 3.04.00' />
  <meta name='ocr-capabilities' content='ocr_page ocr_carea ocr_par ocr_line ocrx_word'/>
</head>
<body>
  <div class='ocr_page' id='page_1' title='image "./gislebertichron00gislgoog_0282.png"; bbox 0 0 3002 4790; ppageno 0'>
   <div class='ocr_carea' id='block_1_1' title="bbox 326 375 1092 458">
    <p class='ocr_par' dir='ltr' id='par_1_1' title="bbox 326 375 1156 458">
     <span class='ocr_line' id='line_1_1' title="bbox 326 375 1092 458; baseline -0.008 0"><span class='ocrx_word' id='word_1_1' title='bbox 326 385 399 458; x_wconf 80' lang='grc' dir='ltr'>ιιι</span> <span class='ocrx_word' id='word_1_2' title='bbox 625 391 648 406; x_wconf 51' lang='grc'><em>“</em></span> <span class='ocrx_word' id='word_1_3' title='bbox 702 375 1092 476; x_wconf 68' lang='lat' dir='ltr'>··GtsLannT1··‘s</span> 
     </span>
    </p>
   </div>
   <div class='ocr_carea' id='block_1_2' title="bbox 225 553 1475 4261">
    <p class='ocr_par' dir='ltr' id='par_1_2' title="bbox 225 553 1475 4214">
     <span class='ocr_line' id='line_1_2' title="bbox 225 553 1444 697; baseline -0.007 -37.914"><span class='ocrx_word' id='word_1_4' title='bbox 225 603 314 663; x_wconf 78' lang='grc' dir='ltr'>ιιι</span> <span class='ocrx_word' id='word_1_5' title='bbox 324 553 452 697; x_wconf 62' lang='lat' dir='ltr'>solidi,</span> <span class='ocrx_word' id='word_1_6' title='bbox 460 582 528 656; x_wconf 74' lang='lat' dir='ltr'>,et</span> <span class='ocrx_word' id='word_1_7' title='bbox 529 581 578 654; x_wconf 91' lang='lat' dir='ltr'>in</span> <span class='ocrx_word' id='word_1_8' title='bbox 587 604 829 680; x_wconf 87' lang='lat' dir='ltr'>communem</span> <span class='ocrx_word' id='word_1_9' title='bbox 847 579 1043 677; x_wconf 71' lang='lat' dir='ltr'>ipsorum,</span> <span class='ocrx_word' id='word_1_10' title='bbox 1053 578 1197 652; x_wconf 86' lang='lat' dir='ltr'>scilicet</span> <span class='ocrx_word' id='word_1_11' title='bbox 1215 578 1388 653; x_wconf 87' lang='lat' dir='ltr'>comitis</span> <span class='ocrx_word' id='word_1_12' title='bbox 1404 589 1444 651; x_wconf 89' lang='lat' dir='ltr'>et</span> 
     </span>
     <span class='ocr_line' id='line_1_3' title="bbox 236 677 1439 794; baseline -0.004 -37"><span class='ocrx_word' id='word_1_13' title='bbox 236 677 316 734; x_wconf 75' lang='lat'><strong>¹¹⁹⁵</strong></span> <span class='ocrx_word' id='word_1_14' title='bbox 309 682 540 780; x_wconf 68' lang='lat' dir='ltr'>comitisse,</span> <span class='ocrx_word' id='word_1_15' title='bbox 574 706 646 754; x_wconf 89' lang='lat' dir='ltr'>nec</span> <span class='ocrx_word' id='word_1_16' title='bbox 675 707 749 754; x_wconf 90' lang='lat' dir='ltr'>non</span> <span class='ocrx_word' id='word_1_17' title='bbox 778 693 815 754; x_wconf 91' lang='lat' dir='ltr'>et</span> <span class='ocrx_word' id='word_1_18' title='bbox 838 691 1037 794; x_wconf 85' lang='lat' dir='ltr'>parentum</span> <span class='ocrx_word' id='word_1_19' title='bbox 1067 680 1235 752; x_wconf 92' lang='lat' dir='ltr'>omnium</span> <span class='ocrx_word' id='word_1_20' title='bbox 1264 681 1439 770; x_wconf 83' lang='lat' dir='ltr'><strong>fratrum</strong></span> 
     </span>
     <span class='ocr_line' id='line_1_4' title="bbox 326 765 1474 896; baseline -0.005 -38"><span class='ocrx_word' id='word_1_21' title='bbox 326 784 499 858; x_wconf 80' lang='lat' dir='ltr'>ecclesie</span> <span class='ocrx_word' id='word_1_22' title='bbox 513 781 735 857; x_wconf 83' lang='lat' dir='ltr'><strong>memoriam</strong></span> <span class='ocrx_word' id='word_1_23' title='bbox 763 791 985 896; x_wconf 87' lang='lat' dir='ltr'>perpetuam</span> <span class='ocrx_word' id='word_1_24' title='bbox 1014 781 1050 852; x_wconf 89' lang='lat' dir='ltr'>in</span> <span class='ocrx_word' id='word_1_25' title='bbox 1079 779 1330 854; x_wconf 86' lang='lat' dir='ltr'>refectionem</span> <span class='ocrx_word' id='word_1_26' title='bbox 1356 765 1474 852; x_wconf 84' lang='lat' dir='ltr'>fra-</span> 
     </span>
     <span class='ocr_line' id='line_1_5' title="bbox 324 879 1436 981; baseline -0.005 -22"><span class='ocrx_word' id='word_1_27' title='bbox 324 896 423 961; x_wconf 91' lang='lat' dir='ltr'>trum</span> <span class='ocrx_word' id='word_1_28' title='bbox 439 887 494 960; x_wconf 85' lang='lat'>20</span> <span class='ocrx_word' id='word_1_29' title='bbox 490 883 623 981; x_wconf 70' lang='lat' dir='ltr'>solidi,</span> <span class='ocrx_word' id='word_1_30' title='bbox 643 885 809 958; x_wconf 85' lang='lat' dir='ltr'>secunda</span> <span class='ocrx_word' id='word_1_31' title='bbox 823 883 882 956; x_wconf 89' lang='lat' dir='ltr'>die</span> <span class='ocrx_word' id='word_1_32' title='bbox 897 879 1165 980; x_wconf 87' lang='lat' dir='ltr'>purificationis</span> <span class='ocrx_word' id='word_1_33' title='bbox 1181 886 1289 956; x_wconf 89' lang='lat' dir='ltr'>beate</span> <span class='ocrx_word' id='word_1_34' title='bbox 1305 882 1436 954; x_wconf 86' lang='lat' dir='ltr'>Marie</span> 
     </span>
     <span class='ocr_line' id='line_1_6' title="bbox 325 981 1436 1104; baseline -0.005 -44"><span class='ocrx_word' id='word_1_35' title='bbox 325 986 709 1062; x_wconf 87' lang='lat' dir='ltr'>amministrabuntur.</span> <span class='ocrx_word' id='word_1_36' title='bbox 761 981 843 1084; x_wconf 81' lang='lat' dir='ltr'>Que</span> <span class='ocrx_word' id='word_1_37' title='bbox 861 983 1021 1097; x_wconf 88' lang='lat' dir='ltr'>quidem</span> <span class='ocrx_word' id='word_1_38' title='bbox 1052 982 1191 1096; x_wconf 76' lang='lat' dir='ltr'>scripto</span> <span class='ocrx_word' id='word_1_39' title='bbox 1219 983 1436 1104; x_wconf 66' lang='lat' dir='ltr'>chyrogra-</span> 
     </span>
     <span class='ocr_line' id='line_1_7' title="bbox 323 1083 1435 1186; baseline -0.004 -26"><span class='ocrx_word' id='word_1_40' title='bbox 323 1088 473 1186; x_wconf 88' lang='lat' dir='ltr'>phizato</span> <span class='ocrx_word' id='word_1_41' title='bbox 493 1097 531 1160; x_wconf 87' lang='lat' dir='ltr'>et</span> <span class='ocrx_word' id='word_1_42' title='bbox 549 1087 700 1185; x_wconf 81' lang='lat' dir='ltr'>sigillo</span> <span class='ocrx_word' id='word_1_43' title='bbox 692 1085 809 1183; x_wconf 88' lang='lat' dir='ltr'>rpsius</span> <span class='ocrx_word' id='word_1_44' title='bbox 829 1083 976 1157; x_wconf 82' lang='lat' dir='ltr'>comitis</span> <span class='ocrx_word' id='word_1_45' title='bbox 1006 1095 1044 1156; x_wconf 89' lang='lat' dir='ltr'>et</span> <span class='ocrx_word' id='word_1_46' title='bbox 1069 1083 1226 1181; x_wconf 81' lang='lat' dir='ltr'>sigillo</span> <span class='ocrx_word' id='word_1_47' title='bbox 1217 1083 1341 1182; x_wconf 86' lang='lat' dir='ltr'>rpsiu&#39;s</span> <span class='ocrx_word' id='word_1_48' title='bbox 1369 1107 1435 1156; x_wconf 85' lang='lat' dir='ltr'>ec·</span> 
     </span>
     <span class='ocr_line' id='line_1_8' title="bbox 327 1188 1475 1270; baseline -0.01 -8"><span class='ocrx_word' id='word_1_49' title='bbox 327 1188 442 1262; x_wconf 90' lang='lat' dir='ltr'>clesie</span> <span class='ocrx_word' id='word_1_50' title='bbox 461 1188 682 1270; x_wconf 84' lang='lat' dir='ltr'>confirmata</span> <span class='ocrx_word' id='word_1_51' title='bbox 702 1197 800 1260; x_wconf 89' lang='lat' dir='ltr'>sunt.</span> <span class='ocrx_word' id='word_1_52' title='bbox 1474 1213 1475 1216; x_wconf 40' lang='lat'><strong>¹</strong></span> 
     </span>
     <span class='ocr_line' id='line_1_9' title="bbox 402 1207 1475 1389; baseline -0.007 -24"><span class='ocrx_word' id='word_1_53' title='bbox 402 1288 521 1389; x_wconf 89' lang='lat' dir='ltr'>Crisp</span> <span class='ocrx_word' id='word_1_54' title='bbox 512 1290 647 1362; x_wconf 83' lang='lat' dir='ltr'>miensr</span> <span class='ocrx_word' id='word_1_55' title='bbox 638 1287 829 1360; x_wconf 83' lang='lat' dir='ltr'>ecclesie</span> <span class='ocrx_word' id='word_1_56' title='bbox 846 1296 969 1358; x_wconf 90' lang='lat' dir='ltr'>terras</span> <span class='ocrx_word' id='word_1_57' title='bbox 990 1310 1100 1382; x_wconf 77' lang='lat' dir='ltr'>suas,</span> <span class='ocrx_word' id='word_1_58' title='bbox 1127 1309 1220 1384; x_wconf 90' lang='lat' dir='ltr'>quas</span> <span class='ocrx_word' id='word_1_59' title='bbox 1241 1288 1342 1382; x_wconf 91' lang='lat' dir='ltr'>apud</span> <span class='ocrx_word' id='word_1_60' title='bbox 1363 1207 1434 1360; x_wconf 89' lang='lat' dir='ltr'>Se·</span> <span class='ocrx_word' id='word_1_61' title='bbox 1472 1247 1475 1380; x_wconf 72' lang='lat' dir='ltr'>l</span> 
     </span>
     <span class='ocr_line' id='line_1_10' title="bbox 326 1386 1433 1488; baseline -0.004 -26"><span class='ocrx_word' id='word_1_62' title='bbox 326 1391 443 1463; x_wconf 86' lang='lat' dir='ltr'>voroh</span> <span class='ocrx_word' id='word_1_63' title='bbox 461 1389 649 1463; x_wconf 89' lang='lat' dir='ltr'>habebat</span> <span class='ocrx_word' id='word_1_64' title='bbox 640 1413 723 1488; x_wconf 80' lang='lat' dir='ltr'>ipsa</span> <span class='ocrx_word' id='word_1_65' title='bbox 744 1387 919 1482; x_wconf 77' lang='lat' dir='ltr'>ecelesia,</span> <span class='ocrx_word' id='word_1_66' title='bbox 937 1412 1009 1484; x_wconf 94' lang='lat' dir='ltr'>que</span> <span class='ocrx_word' id='word_1_67' title='bbox 1029 1386 1264 1476; x_wconf 83' lang='lat' dir='ltr'>advocatiam</span> <span class='ocrx_word' id='word_1_68' title='bbox 1283 1387 1433 1458; x_wconf 91' lang='lat' dir='ltr'>domini</span> 
     </span>
     <span class='ocr_line' id='line_1_11' title="bbox 327 1464 1433 1586; baseline -0.003 -23"><span class='ocrx_word' id='word_1_69' title='bbox 327 1490 474 1564; x_wconf 87' lang='lat' dir='ltr'>comitis</span> <span class='ocrx_word' id='word_1_70' title='bbox 495 1489 632 1564; x_wconf 89' lang='lat' dir='ltr'>eteius</span> <span class='ocrx_word' id='word_1_71' title='bbox 653 1489 777 1562; x_wconf 85' lang='lat' dir='ltr'>fratris</span> <span class='ocrx_word' id='word_1_72' title='bbox 796 1488 962 1585; x_wconf 79' lang='lat' dir='ltr'>Hemici,</span> <span class='ocrx_word' id='word_1_73' title='bbox 985 1513 1047 1586; x_wconf 87' lang='lat' dir='ltr'>qur</span> <span class='ocrx_word' id='word_1_74' title='bbox 1038 1487 1192 1560; x_wconf 92' lang='lat' dir='ltr'>villam</span> <span class='ocrx_word' id='word_1_75' title='bbox 1212 1464 1388 1561; x_wconf 82' lang='lat' dir='ltr'>Sevorch</span> <span class='ocrx_word' id='word_1_76' title='bbox 1410 1513 1433 1560; x_wconf 89' lang='lat' dir='ltr'>a</span> 
     </span>
     <span class='ocr_line' id='line_1_12' title="bbox 326 1588 1475 1688; baseline -0.003 -23"><span class='ocrx_word' id='word_1_77' title='bbox 326 1591 477 1665; x_wconf 90' lang='lat' dir='ltr'>domino</span> <span class='ocrx_word' id='word_1_78' title='bbox 498 1592 636 1665; x_wconf 82' lang='lat' dir='ltr'>comite</span> <span class='ocrx_word' id='word_1_79' title='bbox 654 1593 819 1688; x_wconf 88' lang='lat' dir='ltr'>tenebat</span> <span class='ocrx_word' id='word_1_80' title='bbox 837 1589 1011 1665; x_wconf 89' lang='lat' dir='ltr'>dominus</span> <span class='ocrx_word' id='word_1_81' title='bbox 1027 1611 1157 1664; x_wconf 89' lang='lat' dir='ltr'>comes</span> <span class='ocrx_word' id='word_1_82' title='bbox 1173 1592 1217 1662; x_wconf 89' lang='lat' dir='ltr'>ab</span> <span class='ocrx_word' id='word_1_83' title='bbox 1234 1588 1339 1661; x_wconf 92' lang='lat' dir='ltr'>omni</span> <span class='ocrx_word' id='word_1_84' title='bbox 1358 1592 1475 1662; x_wconf 90' lang='lat' dir='ltr'>tal·</span> 
     </span>
     <span class='ocr_line' id='line_1_13' title="bbox 325 1687 1475 1804; baseline -0.002 -39"><span class='ocrx_word' id='word_1_85' title='bbox 325 1693 375 1765; x_wconf 87' lang='lat' dir='ltr'>lia</span> <span class='ocrx_word' id='word_1_86' title='bbox 395 1703 433 1767; x_wconf 90' lang='lat' dir='ltr'>et</span> <span class='ocrx_word' id='word_1_87' title='bbox 447 1693 642 1768; x_wconf 79' lang='lat' dir='ltr'>exactione</span> <span class='ocrx_word' id='word_1_88' title='bbox 658 1702 696 1764; x_wconf 92' lang='lat' dir='ltr'>et</span> <span class='ocrx_word' id='word_1_89' title='bbox 710 1690 863 1788; x_wconf 80' lang='lat' dir='ltr'>angaria</span> <span class='ocrx_word' id='word_1_90' title='bbox 878 1690 1067 1804; x_wconf 90' lang='lat' dir='ltr'>omnique</span> <span class='ocrx_word' id='word_1_91' title='bbox 1071 1688 1265 1762; x_wconf 88' lang='lat' dir='ltr'>advocatia</span> <span class='ocrx_word' id='word_1_92' title='bbox 1283 1687 1475 1763; x_wconf 87' lang='lat' dir='ltr'>liberas</span> 
     </span>
     <span class='ocr_line' id='line_1_14' title="bbox 327 1790 1430 1892; baseline -0.002 -26"><span class='ocrx_word' id='word_1_93' title='bbox 327 1794 431 1867; x_wconf 88' lang='lat' dir='ltr'>fecit</span> <span class='ocrx_word' id='word_1_94' title='bbox 477 1795 531 1868; x_wconf 86' lang='lat' dir='ltr'>Ad</span> <span class='ocrx_word' id='word_1_95' title='bbox 549 1794 649 1866; x_wconf 88' lang='lat' dir='ltr'>hoc</span> <span class='ocrx_word' id='word_1_96' title='bbox 640 1818 722 1892; x_wconf 86' lang='lat' dir='ltr'>rpsa</span> <span class='ocrx_word' id='word_1_97' title='bbox 743 1791 906 1865; x_wconf 89' lang='lat' dir='ltr'>ecclesia</span> <span class='ocrx_word' id='word_1_98' title='bbox 924 1790 1089 1864; x_wconf 86' lang='lat' dir='ltr'>caritatis</span> <span class='ocrx_word' id='word_1_99' title='bbox 1109 1790 1243 1864; x_wconf 87' lang='lat' dir='ltr'>intuitu</span> <span class='ocrx_word' id='word_1_100' title='bbox 1261 1791 1430 1864; x_wconf 88' lang='lat' dir='ltr'>firmavit</span> 
     </span>
     <span class='ocr_line' id='line_1_15' title="bbox 327 1891 1427 2006; baseline -0.002 -39"><span class='ocrx_word' id='word_1_101' title='bbox 327 1893 477 1967; x_wconf 89' lang='lat' dir='ltr'>dominc</span> <span class='ocrx_word' id='word_1_102' title='bbox 505 1893 652 1992; x_wconf 70' lang='lat' dir='ltr'>comiti,</span> <span class='ocrx_word' id='word_1_103' title='bbox 680 1896 807 2006; x_wconf 93' lang='lat' dir='ltr'>quod</span> <span class='ocrx_word' id='word_1_104' title='bbox 796 1891 912 1966; x_wconf 92' lang='lat' dir='ltr'>dum</span> <span class='ocrx_word' id='word_1_105' title='bbox 903 1915 985 1990; x_wconf 88' lang='lat' dir='ltr'>rpse</span> <span class='ocrx_word' id='word_1_106' title='bbox 1006 1892 1150 1964; x_wconf 87' lang='lat' dir='ltr'>viveret</span> <span class='ocrx_word' id='word_1_107' title='bbox 1157 1947 1168 1990; x_wconf 66' lang='grc' dir='ltr'>ι</span> <span class='ocrx_word' id='word_1_108' title='bbox 1189 1892 1348 1992; x_wconf 88' lang='lat' dir='ltr'>quaqua</span> <span class='ocrx_word' id='word_1_109' title='bbox 1368 1893 1427 1966; x_wconf 86' lang='lat' dir='ltr'>dic</span> 
     </span>
     <span class='ocr_line' id='line_1_16' title="bbox 305 1985 1426 2093; baseline -0.002 -25"><span class='ocrx_word' id='word_1_110' title='bbox 305 1995 445 2078; x_wconf 69' lang='lat' dir='ltr'>,missa</span> <span class='ocrx_word' id='word_1_111' title='bbox 465 1997 510 2068; x_wconf 92' lang='lat' dir='ltr'>de</span> <span class='ocrx_word' id='word_1_112' title='bbox 530 1996 694 2093; x_wconf 84' lang='lat' dir='ltr'>gloriosa</span> <span class='ocrx_word' id='word_1_113' title='bbox 714 1993 858 2092; x_wconf 78' lang='lat' dir='ltr'>virgine</span> <span class='ocrx_word' id='word_1_114' title='bbox 878 1993 1049 2066; x_wconf 84' lang='lat' dir='ltr'>Mariam</span> <span class='ocrx_word' id='word_1_115' title='bbox 1078 1992 1161 2092; x_wconf 89' lang='lat' dir='ltr'>lpsa</span> <span class='ocrx_word' id='word_1_116' title='bbox 1182 1985 1399 2090; x_wconf 74' lang='lat' dir='ltr'>ecclesia,</span> <span class='ocrx_word' id='word_1_117' title='bbox 1387 2019 1426 2066; x_wconf 92' lang='lat' dir='ltr'>m</span> 
     </span>
     <span class='ocr_line' id='line_1_17' title="bbox 314 2094 1426 2194; baseline -0.001 -25"><span class='ocrx_word' id='word_1_118' title='bbox 314 2095 463 2169; x_wconf 71' lang='lat' dir='ltr'>&#39;altari</span> <span class='ocrx_word' id='word_1_119' title='bbox 453 2095 572 2194; x_wconf 81' lang='lat' dir='ltr'>ipsius</span> <span class='ocrx_word' id='word_1_120' title='bbox 590 2095 741 2193; x_wconf 84' lang='lat' dir='ltr'>virginis</span> <span class='ocrx_word' id='word_1_121' title='bbox 756 2094 873 2168; x_wconf 81' lang='lat' dir='ltr'>Maris</span> <span class='ocrx_word' id='word_1_122' title='bbox 893 2094 1173 2171; x_wconf 78' lang='lat' dir='ltr'>celebraretur;&#39;</span> <span class='ocrx_word' id='word_1_123' title='bbox 1157 2104 1273 2192; x_wconf 91' lang='lat' dir='ltr'>post</span> <span class='ocrx_word' id='word_1_124' title='bbox 1292 2096 1426 2168; x_wconf 88' lang='lat' dir='ltr'>deces-</span> 
     </span>
     <span class='ocr_line' id='line_1_18' title="bbox 327 2174 1427 2311; baseline 0 -41"><span class='ocrx_word' id='word_1_125' title='bbox 327 2222 414 2271; x_wconf 88' lang='lat' dir='ltr'>sum</span> <span class='ocrx_word' id='word_1_126' title='bbox 432 2221 522 2269; x_wconf 89' lang='lat' dir='ltr'>vero</span> <span class='ocrx_word' id='word_1_127' title='bbox 542 2196 682 2311; x_wconf 81' lang='lat' dir='ltr'>ipsius</span> <span class='ocrx_word' id='word_1_128' title='bbox 689 2195 836 2296; x_wconf 88' lang='lat' dir='ltr'>comitis</span> <span class='ocrx_word' id='word_1_129' title='bbox 861 2196 898 2268; x_wconf 92' lang='lat' dir='ltr'>in</span> <span class='ocrx_word' id='word_1_130' title='bbox 919 2198 1052 2268; x_wconf 89' lang='lat' dir='ltr'>eodem</span> <span class='ocrx_word' id='word_1_131' title='bbox 1077 2174 1184 2268; x_wconf 77' lang='lat' dir='ltr'>altari</span> <span class='ocrx_word' id='word_1_132' title='bbox 1210 2220 1276 2293; x_wconf 90' lang='lat' dir='ltr'>pro</span> <span class='ocrx_word' id='word_1_133' title='bbox 1298 2197 1427 2270; x_wconf 82' lang='lat' dir='ltr'>anima</span> 
     </span>
     <span class='ocr_line' id='line_1_19' title="bbox 327 2289 1428 2411; baseline 0.001 -41"><span class='ocrx_word' id='word_1_134' title='bbox 327 2297 447 2397; x_wconf 91' lang='lat' dir='ltr'>ipsius</span> <span class='ocrx_word' id='word_1_135' title='bbox 466 2299 612 2372; x_wconf 88' lang='lat' dir='ltr'>comitis</span> <span class='ocrx_word' id='word_1_136' title='bbox 633 2289 842 2411; x_wconf 85' lang='lat' dir='ltr'>missaque</span> <span class='ocrx_word' id='word_1_137' title='bbox 857 2321 924 2396; x_wconf 91' lang='lat' dir='ltr'>pro</span> <span class='ocrx_word' id='word_1_138' title='bbox 939 2295 1109 2370; x_wconf 86' lang='lat' dir='ltr'>fidelibus</span> <span class='ocrx_word' id='word_1_139' title='bbox 1125 2296 1311 2370; x_wconf 83' lang='lat' dir='ltr'>defunctis</span> <span class='ocrx_word' id='word_1_140' title='bbox 1329 2299 1428 2371; x_wconf 89' lang='lat' dir='ltr'>cele-</span> 
     </span>
     <span class='ocr_line' id='line_1_20' title="bbox 329 2393 1426 2504; baseline -0.001 -32"><span class='ocrx_word' id='word_1_141' title='bbox 329 2403 456 2504; x_wconf 82' lang='lat' dir='ltr'>bratur</span> <span class='ocrx_word' id='word_1_142' title='bbox 466 2425 653 2497; x_wconf 90' lang='lat' dir='ltr'>quaqua</span> <span class='ocrx_word' id='word_1_143' title='bbox 680 2393 773 2470; x_wconf 90' lang='lat' dir='ltr'>die&#39;</span> <span class='ocrx_word' id='word_1_144' title='bbox 765 2424 802 2470; x_wconf 92' lang='lat' dir='ltr'>m</span> <span class='ocrx_word' id='word_1_145' title='bbox 828 2409 1052 2497; x_wconf 85' lang='lat' dir='ltr'>perpetuum</span> <span class='ocrx_word' id='word_1_146' title='bbox 1079 2397 1336 2471; x_wconf 80' lang='lat' dir='ltr'>celebrabitur.</span> <span class='ocrx_word' id='word_1_147' title='bbox 1385 2400 1426 2471; x_wconf 93' lang='lat' dir='ltr'>ln</span> 
     </span>
     <span class='ocr_line' id='line_1_21' title="bbox 293 2455 1425 2600; baseline 0.004 -30"><span class='ocrx_word' id='word_1_148' title='bbox 293 2495 299 2510; x_wconf 60' lang='lat'>⁸</span> <span class='ocrx_word' id='word_1_149' title='bbox 328 2455 505 2597; x_wconf 79' lang='lat' dir='ltr'>quarurir</span> <span class='ocrx_word' id='word_1_150' title='bbox 509 2500 711 2572; x_wconf 91' lang='lat' dir='ltr'>missarum</span> <span class='ocrx_word' id='word_1_151' title='bbox 737 2500 987 2574; x_wconf 86' lang='lat' dir='ltr'>celebratione</span> <span class='ocrx_word' id='word_1_152' title='bbox 1001 2498 1197 2572; x_wconf 90' lang='lat' dir='ltr'>orationes</span> <span class='ocrx_word' id='word_1_153' title='bbox 1218 2523 1284 2600; x_wconf 91' lang='lat' dir='ltr'>pro</span> <span class='ocrx_word' id='word_1_154' title='bbox 1304 2499 1425 2596; x_wconf 88' lang='lat' dir='ltr'>ipsius</span> 
     </span>
     <span class='ocr_line' id='line_1_22' title="bbox 329 2591 1475 2714; baseline 0.003 -42"><span class='ocrx_word' id='word_1_155' title='bbox 329 2599 476 2674; x_wconf 89' lang='lat' dir='ltr'>comitis</span> <span class='ocrx_word' id='word_1_156' title='bbox 504 2599 628 2672; x_wconf 89' lang='lat' dir='ltr'>anima</span> <span class='ocrx_word' id='word_1_157' title='bbox 657 2600 806 2714; x_wconf 81' lang='lat' dir='ltr'>proprie</span> <span class='ocrx_word' id='word_1_158' title='bbox 832 2611 868 2673; x_wconf 87' lang='lat' dir='ltr'>et</span> <span class='ocrx_word' id='word_1_159' title='bbox 896 2599 1082 2698; x_wconf 86' lang='lat' dir='ltr'>speciales</span> <span class='ocrx_word' id='word_1_160' title='bbox 1101 2599 1233 2672; x_wconf 91' lang='lat' dir='ltr'>tamin</span> <span class='ocrx_word' id='word_1_161' title='bbox 1249 2591 1425 2675; x_wconf 72' lang='lat' dir='ltr'>collectis</span> <span class='ocrx_word' id='word_1_162' title='bbox 1474 2679 1475 2696; x_wconf 16' lang='grc' dir='ltr'>ι</span> 
     </span>
     <span class='ocr_line' id='line_1_23' title="bbox 329 2700 1424 2814; baseline 0.001 -42"><span class='ocrx_word' id='word_1_163' title='bbox 329 2725 443 2799; x_wconf 88' lang='lat' dir='ltr'>qnam</span> <span class='ocrx_word' id='word_1_164' title='bbox 468 2701 504 2774; x_wconf 90' lang='lat' dir='ltr'>in</span> <span class='ocrx_word' id='word_1_165' title='bbox 534 2702 691 2774; x_wconf 86' lang='lat' dir='ltr'>secretis</span> <span class='ocrx_word' id='word_1_166' title='bbox 728 2711 765 2772; x_wconf 86' lang='lat' dir='ltr'>et</span> <span class='ocrx_word' id='word_1_167' title='bbox 796 2700 1209 2814; x_wconf 85' lang='lat' dir='ltr'>postcommunionibus</span> <span class='ocrx_word' id='word_1_168' title='bbox 1241 2701 1424 2774; x_wconf 91' lang='lat' dir='ltr'>dicentur.</span> 
     </span>
     <span class='ocr_line' id='line_1_24' title="bbox 327 2802 1424 2916; baseline 0 -40"><span class='ocrx_word' id='word_1_169' title='bbox 327 2803 408 2915; x_wconf 77' lang='lat' dir='ltr'>Hep</span> <span class='ocrx_word' id='word_1_170' title='bbox 427 2804 576 2916; x_wconf 83' lang='lat' dir='ltr'>quidem</span> <span class='ocrx_word' id='word_1_171' title='bbox 596 2803 722 2874; x_wconf 89' lang='lat' dir='ltr'>omnia</span> <span class='ocrx_word' id='word_1_172' title='bbox 742 2802 895 2900; x_wconf 89' lang='lat' dir='ltr'>scripto</span> <span class='ocrx_word' id='word_1_173' title='bbox 893 2802 1208 2899; x_wconf 79' lang='lat' dir='ltr'>cyrographinato</span> <span class='ocrx_word' id='word_1_174' title='bbox 1237 2813 1274 2874; x_wconf 89' lang='lat' dir='ltr'>et</span> <span class='ocrx_word' id='word_1_175' title='bbox 1300 2803 1424 2899; x_wconf 80' lang='lat' dir='ltr'>sigillo</span> 
     </span>
     <span class='ocr_line' id='line_1_25' title="bbox 328 2898 1424 3001; baseline 0.003 -27"><span class='ocrx_word' id='word_1_176' title='bbox 328 2901 448 3000; x_wconf 88' lang='lat' dir='ltr'>ipsius</span> <span class='ocrx_word' id='word_1_177' title='bbox 468 2898 614 2976; x_wconf 89' lang='lat' dir='ltr'>comitis</span> <span class='ocrx_word' id='word_1_178' title='bbox 634 2903 832 3001; x_wconf 82' lang='lat' dir='ltr'>sigilloque</span> <span class='ocrx_word' id='word_1_179' title='bbox 853 2902 1013 2975; x_wconf 87' lang='lat' dir='ltr'>ecclesie</span> <span class='ocrx_word' id='word_1_180' title='bbox 1033 2926 1118 2992; x_wconf 89' lang='lat' dir='ltr'>cum</span> <span class='ocrx_word' id='word_1_181' title='bbox 1138 2902 1260 3000; x_wconf 80' lang='lat' dir='ltr'>sigillo</span> <span class='ocrx_word' id='word_1_182' title='bbox 1280 2905 1424 2978; x_wconf 88' lang='lat' dir='ltr'>abbatis</span> 
     </span>
     <span class='ocr_line' id='line_1_26' title="bbox 330 3003 666 3076; baseline 0.003 -1"><span class='ocrx_word' id='word_1_183' title='bbox 330 3003 549 3076; x_wconf 85' lang='lat' dir='ltr'>confirmata</span> <span class='ocrx_word' id='word_1_184' title='bbox 569 3014 666 3076; x_wconf 91' lang='lat' dir='ltr'>sunt.</span> 
     </span>
     <span class='ocr_line' id='line_1_27' title="bbox 336 3087 1423 3181; baseline 0.003 -3"><span class='ocrx_word' id='word_1_185' title='bbox 336 3161 338 3168; x_wconf 70' lang='lat'><em>,</em></span> <span class='ocrx_word' id='word_1_186' title='bbox 404 3107 457 3178; x_wconf 89' lang='lat' dir='ltr'>Ab</span> <span class='ocrx_word' id='word_1_187' title='bbox 486 3105 594 3178; x_wconf 90' lang='lat' dir='ltr'>armis</span> <span class='ocrx_word' id='word_1_188' title='bbox 628 3103 738 3176; x_wconf 86' lang='lat' dir='ltr'>antea</span> <span class='ocrx_word' id='word_1_189' title='bbox 759 3103 968 3178; x_wconf 85' lang='lat' dir='ltr'>transactis</span> <span class='ocrx_word' id='word_1_190' title='bbox 995 3103 1142 3176; x_wconf 80' lang='lat' dir='ltr'>circiter</span> <span class='ocrx_word' id='word_1_191' title='bbox 1170 3106 1214 3179; x_wconf 91' lang='lat'>15</span> <span class='ocrx_word' id='word_1_192' title='bbox 1242 3087 1423 3181; x_wconf 83' lang='lat' dir='ltr'>effecerat</span> 
     </span>
     <span class='ocr_line' id='line_1_28' title="bbox 328 3191 1475 3302; baseline 0.002 -24"><span class='ocrx_word' id='word_1_193' title='bbox 328 3207 502 3279; x_wconf 88' lang='lat' dir='ltr'>dominus</span> <span class='ocrx_word' id='word_1_194' title='bbox 522 3230 650 3278; x_wconf 91' lang='lat' dir='ltr'>comes</span> <span class='ocrx_word' id='word_1_195' title='bbox 677 3191 773 3302; x_wconf 90' lang='lat' dir='ltr'>apud</span> <span class='ocrx_word' id='word_1_196' title='bbox 798 3204 999 3276; x_wconf 90' lang='lat' dir='ltr'>ecclesiam</span> <span class='ocrx_word' id='word_1_197' title='bbox 1025 3205 1144 3278; x_wconf 91' lang='lat' dir='ltr'>sancti</span> <span class='ocrx_word' id='word_1_198' title='bbox 1165 3207 1331 3281; x_wconf 85' lang='lat' dir='ltr'>Autberti</span> <span class='ocrx_word' id='word_1_199' title='bbox 1354 3211 1422 3282; x_wconf 86' lang='lat' dir='ltr'>Ca·</span> <span class='ocrx_word' id='word_1_200' title='bbox 1473 3245 1475 3280; x_wconf 52' lang='grc' dir='ltr'>ι</span> 
     </span>
     <span class='ocr_line' id='line_1_29' title="bbox 330 3291 1421 3406; baseline 0.002 -28"><span class='ocrx_word' id='word_1_201' title='bbox 330 3307 582 3379; x_wconf 77' lang='lat' dir='ltr'>menacensis</span> <span class='ocrx_word' id='word_1_202' title='bbox 594 3330 639 3378; x_wconf 89' lang='lat' dir='ltr'>ex</span> <span class='ocrx_word' id='word_1_203' title='bbox 668 3305 875 3378; x_wconf 88' lang='lat' dir='ltr'>elemosina</span> <span class='ocrx_word' id='word_1_204' title='bbox 903 3306 1048 3379; x_wconf 90' lang='lat' dir='ltr'>decime</span> <span class='ocrx_word' id='word_1_205' title='bbox 1076 3309 1121 3378; x_wconf 91' lang='lat' dir='ltr'>de</span> <span class='ocrx_word' id='word_1_206' title='bbox 1148 3305 1289 3405; x_wconf 89' lang='lat' dir='ltr'>lvuis¹</span> <span class='ocrx_word' id='word_1_207' title='bbox 1326 3291 1421 3406; x_wconf 90' lang='lat' dir='ltr'>quod</span> 
     </span>
     <span class='ocr_line' id='line_1_30' title="bbox 329 3405 1475 3522; baseline 0.004 -45"><span class='ocrx_word' id='word_1_208' title='bbox 329 3408 428 3506; x_wconf 92' lang='lat' dir='ltr'>ipsa</span> <span class='ocrx_word' id='word_1_209' title='bbox 440 3407 601 3479; x_wconf 89' lang='lat' dir='ltr'>ecclesia</span> <span class='ocrx_word' id='word_1_210' title='bbox 629 3405 794 3478; x_wconf 84' lang='lat' dir='ltr'>caritatis</span> <span class='ocrx_word' id='word_1_211' title='bbox 826 3407 959 3479; x_wconf 90' lang='lat' dir='ltr'>intuitu</span> <span class='ocrx_word' id='word_1_212' title='bbox 990 3407 1192 3479; x_wconf 87' lang='lat' dir='ltr'>firmavit</span> <span class='ocrx_word' id='word_1_213' title='bbox 1183 3409 1254 3506; x_wconf 89' lang='lat' dir='ltr'>rpsi</span> <span class='ocrx_word' id='word_1_214' title='bbox 1284 3411 1420 3522; x_wconf 77' lang='lat' dir='ltr'>comiti,</span> <span class='ocrx_word' id='word_1_215' title='bbox 1474 3443 1475 3456; x_wconf 47' lang='grc' dir='ltr'>ι</span> 
     </span>
     <span class='ocr_line' id='line_1_31' title="bbox 329 3508 1429 3622; baseline 0.006 -44"><span class='ocrx_word' id='word_1_216' title='bbox 329 3509 417 3578; x_wconf 90' lang='grc' dir='ltr'>ιΙιιιιι</span> <span class='ocrx_word' id='word_1_217' title='bbox 435 3508 577 3580; x_wconf 82' lang='lat' dir='ltr'>viveret</span> <span class='ocrx_word' id='word_1_218' title='bbox 593 3508 674 3621; x_wconf 81' lang='lat' dir='ltr'>ipse</span> <span class='ocrx_word' id='word_1_219' title='bbox 688 3530 830 3603; x_wconf 72' lang='lat' dir='ltr'>comes,</span> <span class='ocrx_word' id='word_1_220' title='bbox 846 3533 993 3606; x_wconf 86' lang='lat' dir='ltr'>quaqua</span> <span class='ocrx_word' id='word_1_221' title='bbox 1009 3509 1218 3622; x_wconf 78' lang='lat' dir='ltr'>septimana</span> <span class='ocrx_word' id='word_1_222' title='bbox 1234 3521 1292 3582; x_wconf 87' lang='lat' dir='ltr'>ter</span> <span class='ocrx_word' id='word_1_223' title='bbox 1307 3511 1429 3584; x_wconf 75' lang='lat' dir='ltr'>missa‘</span> 
     </span>
     <span class='ocr_line' id='line_1_32' title="bbox 330 3595 1418 3722; baseline 0.004 -42"><span class='ocrx_word' id='word_1_224' title='bbox 330 3609 376 3680; x_wconf 89' lang='lat' dir='ltr'>de</span> <span class='ocrx_word' id='word_1_225' title='bbox 398 3595 527 3681; x_wconf 84' lang='lat' dir='ltr'>sancto</span> <span class='ocrx_word' id='word_1_226' title='bbox 557 3607 687 3706; x_wconf 88' lang='lat' dir='ltr'>spiritu</span> <span class='ocrx_word' id='word_1_227' title='bbox 714 3631 782 3682; x_wconf 89' lang='lat' dir='ltr'>seu</span> <span class='ocrx_word' id='word_1_228' title='bbox 810 3612 855 3682; x_wconf 88' lang='lat' dir='ltr'>de</span> <span class='ocrx_word' id='word_1_229' title='bbox 884 3610 1048 3722; x_wconf 83' lang='lat' dir='ltr'>gloriosa</span> <span class='ocrx_word' id='word_1_230' title='bbox 1073 3609 1218 3706; x_wconf 85' lang='lat' dir='ltr'>virgine</span> <span class='ocrx_word' id='word_1_231' title='bbox 1244 3611 1392 3684; x_wconf 87' lang='lat' dir='ltr'>Maria</span> <span class='ocrx_word' id='word_1_232' title='bbox 1384 3637 1418 3684; x_wconf 91' lang='lat' dir='ltr'>m</span> 
     </span>
     <span class='ocr_line' id='line_1_33' title="bbox 329 3709 1418 3812; baseline 0.005 -31"><span class='ocrx_word' id='word_1_233' title='bbox 329 3709 493 3782; x_wconf 87' lang='lat' dir='ltr'>ecclesia</span> <span class='ocrx_word' id='word_1_234' title='bbox 517 3709 580 3782; x_wconf 89' lang='lat' dir='ltr'>illa</span> <span class='ocrx_word' id='word_1_235' title='bbox 608 3709 879 3808; x_wconf 76' lang='grc' dir='ltr'>οιιΙιιΙιιιιιιιῐιιιι</span> <span class='ocrx_word' id='word_1_236' title='bbox 907 3721 992 3812; x_wconf 87' lang='lat' dir='ltr'>post</span> <span class='ocrx_word' id='word_1_237' title='bbox 1011 3710 1090 3782; x_wconf 89' lang='lat' dir='ltr'>eius</span> <span class='ocrx_word' id='word_1_238' title='bbox 1112 3735 1200 3783; x_wconf 88' lang='lat' dir='ltr'>vero</span> <span class='ocrx_word' id='word_1_239' title='bbox 1221 3709 1418 3786; x_wconf 83' lang='lat' dir='ltr'>decessum</span> 
     </span>
     <span class='ocr_line' id='line_1_34' title="bbox 324 3811 1475 3912; baseline 0.003 -27"><span class='ocrx_word' id='word_1_240' title='bbox 324 3811 450 3885; x_wconf 79' lang='lat' dir='ltr'>inissa</span> <span class='ocrx_word' id='word_1_241' title='bbox 477 3835 588 3909; x_wconf 89' lang='lat' dir='ltr'>qnam</span> <span class='ocrx_word' id='word_1_242' title='bbox 622 3811 910 3885; x_wconf 88' lang='lat' dir='ltr'>ecclesiasticus</span> <span class='ocrx_word' id='word_1_243' title='bbox 938 3813 1057 3895; x_wconf 87' lang='lat' dir='ltr'>ordo</span> <span class='ocrx_word' id='word_1_244' title='bbox 1061 3836 1137 3910; x_wconf 88' lang='lat' dir='ltr'>pro</span> <span class='ocrx_word' id='word_1_245' title='bbox 1161 3811 1330 3912; x_wconf 85' lang='lat' dir='ltr'>fidelibus</span> <span class='ocrx_word' id='word_1_246' title='bbox 1358 3814 1417 3888; x_wconf 92' lang='lat' dir='ltr'>de·</span> <span class='ocrx_word' id='word_1_247' title='bbox 1474 3855 1475 3860; x_wconf 23' lang='grc' dir='ltr'>ι</span> 
     </span>
     <span class='ocr_line' id='line_1_35' title="bbox 331 3901 1418 4027; baseline 0 -40"><span class='ocrx_word' id='word_1_248' title='bbox 331 3912 468 3987; x_wconf 81' lang='lat' dir='ltr'>iunctis</span> <span class='ocrx_word' id='word_1_249' title='bbox 497 3911 686 3996; x_wconf 84' lang='lat' dir='ltr'>celebrari</span> <span class='ocrx_word' id='word_1_250' title='bbox 703 3913 874 4027; x_wconf 73' lang='lat' dir='ltr'>instituit,</span> <span class='ocrx_word' id='word_1_251' title='bbox 898 3929 1051 4011; x_wconf 82' lang='lat' dir='ltr'>quaqua</span> <span class='ocrx_word' id='word_1_252' title='bbox 1075 3901 1289 4010; x_wconf 83' lang='lat' dir='ltr'>septimana</span> <span class='ocrx_word' id='word_1_253' title='bbox 1310 3927 1365 3987; x_wconf 89' lang='lat' dir='ltr'>ter</span> <span class='ocrx_word' id='word_1_254' title='bbox 1383 3916 1418 3987; x_wconf 92' lang='lat' dir='ltr'>in</span> 
     </span>
     <span class='ocr_line' id='line_1_36' title="bbox 312 4013 1419 4120; baseline 0.002 -34"><span class='ocrx_word' id='word_1_255' title='bbox 312 4025 467 4120; x_wconf 85' lang='lat' dir='ltr'>¹perpet</span> <span class='ocrx_word' id='word_1_256' title='bbox 468 4039 554 4087; x_wconf 88' lang='lat' dir='ltr'>uum</span> <span class='ocrx_word' id='word_1_257' title='bbox 581 4038 646 4118; x_wconf 89' lang='lat' dir='ltr'>pro</span> <span class='ocrx_word' id='word_1_258' title='bbox 673 4014 797 4086; x_wconf 88' lang='lat' dir='ltr'>anima</span> <span class='ocrx_word' id='word_1_259' title='bbox 825 4013 942 4115; x_wconf 88' lang='lat' dir='ltr'>ipsius</span> <span class='ocrx_word' id='word_1_260' title='bbox 969 4013 1119 4086; x_wconf 84' lang='lat' dir='ltr'>comitis</span> <span class='ocrx_word' id='word_1_261' title='bbox 1149 4025 1185 4086; x_wconf 90' lang='lat' dir='ltr'>et</span> <span class='ocrx_word' id='word_1_262' title='bbox 1213 4015 1292 4088; x_wconf 90' lang='lat' dir='ltr'>eius</span> <span class='ocrx_word' id='word_1_263' title='bbox 1322 4025 1419 4088; x_wconf 87' lang='lat' dir='ltr'>ante·</span> 
     </span>
     <span class='ocr_line' id='line_1_37' title="bbox 331 4113 1475 4261; baseline 0.003 -77"><span class='ocrx_word' id='word_1_264' title='bbox 331 4137 529 4214; x_wconf 81' lang='lat' dir='ltr'>cessqrum</span> <span class='ocrx_word' id='word_1_265' title='bbox 549 4125 586 4192; x_wconf 88' lang='lat' dir='ltr'>et</span> <span class='ocrx_word' id='word_1_266' title='bbox 604 4117 870 4192; x_wconf 85' lang='lat' dir='ltr'>successorum</span> <span class='ocrx_word' id='word_1_267' title='bbox 891 4114 1148 4188; x_wconf 89' lang='lat' dir='ltr'>celebrabitur.</span> <span class='ocrx_word' id='word_1_268' title='bbox 1178 4113 1258 4202; x_wconf 85' lang='lat' dir='ltr'>Que</span> <span class='ocrx_word' id='word_1_269' title='bbox 1275 4117 1419 4261; x_wconf 87' lang='lat' dir='ltr'>quidem</span> <span class='ocrx_word' id='word_1_270' title='bbox 1473 4145 1475 4232; x_wconf 81' lang='grc' dir='ltr'>ι</span> 
     </span>
    </p>
   </div>
   <div class='ocr_carea' id='block_1_3' title="bbox 335 4197 1066 4314">
    <p class='ocr_par' dir='ltr' id='par_1_3' title="bbox 335 4197 1066 4314">
     <span class='ocr_line' id='line_1_38' title="bbox 335 4197 1066 4314; baseline 0.007 -24"><span class='ocrx_word' id='word_1_271' title='bbox 335 4241 359 4309; x_wconf 81' lang='lat' dir='ltr'>l)</span> <span class='ocrx_word' id='word_1_272' title='bbox 380 4197 454 4311; x_wconf 84' lang='lat' dir='ltr'>lruy</span> <span class='ocrx_word' id='word_1_273' title='bbox 475 4241 546 4294; x_wconf 83' lang='lat' dir='ltr'>inter</span> <span class='ocrx_word' id='word_1_274' title='bbox 565 4238 700 4314; x_wconf 73' lang='lat' dir='ltr'>cambray</span> <span class='ocrx_word' id='word_1_275' title='bbox 720 4251 746 4296; x_wconf 85' lang='lat' dir='ltr'>et</span> <span class='ocrx_word' id='word_1_276' title='bbox 766 4240 968 4298; x_wconf 82' lang='lat' dir='ltr'>Voleucicnnes.</span> <span class='ocrx_word' id='word_1_277' title='bbox 1008 4239 1066 4296; x_wconf 78' lang='lat' dir='ltr'>Gn</span> 
     </span>
    </p>
   </div>
   <div class='ocr_carea' id='block_1_4' title="bbox 0 0 1508 4790">
    <p class='ocr_par' dir='ltr' id='par_1_4' title="bbox 0 0 1508 4790">
     <span class='ocr_line' id='line_1_39' title="bbox 0 0 1508 4790; baseline 0 0"><span class='ocrx_word' id='word_1_278' title='bbox 0 0 1508 4790; x_wconf 95' lang='lat' dir='ltr'> </span> 
     </span>
    </p>
   </div>
  </div>
 </body>
</html>
