3118 4786
336 424 407 497 no
439 367 444 377 ’
748 420 1025 496 cisternam

329 623 408 696 iarn
435 621 685 696 Suessionem
714 620 954 719 pervenisset
978 632 1015 694 et
1034 621 1190 695 clientes
1210 622 1356 719 pedites
1376 647 1437 696 re-

331 724 571 796 trocedentes
598 721 674 794 iam
697 720 735 794 in
760 722 883 796 media
911 722 972 795 via
999 734 1130 796 essent
1154 731 1190 794 et
1209 745 1283 794 nox
1302 747 1438 822 super-

330 823 491 918 veniret,
515 822 567 896 ita
587 825 686 919 quod
706 846 835 896 comes
855 821 1108 896 Hanoniensis
1135 822 1207 896 iter
1231 825 1436 898 recedendi

330 922 533 1021 arriperet,
566 924 853 1020 Campanenses
881 933 918 997 et
941 922 1073 996 Franci
1100 922 1137 996 in
1162 933 1270 1022 parte
1295 924 1435 998 Braine

331 1023 523 1098 constituti
550 1033 734 1120 ceperunt
760 1023 862 1096 exire
887 1033 924 1096 et
951 1023 1129 1097 comitem
1148 1024 1434 1098 Hanoniensem

328 1124 490 1223 insequi.
517 1127 655 1200 Comes
669 1131 802 1196 'autem
817 1123 1072 1198 Hanoniensis
1093 1148 1177 1196 cum
1198 1125 1335 1198 comite
1350 1126 1434 1200 Cla·

328 1225 500 1298 rimontis
521 1234 558 1297 et
577 1247 662 1298 oum
680 1225 812 1322 paucis
831 1225 1000 1322 armatis,
1025 1225 1151 1298 multis
1171 1225 1373 1301 resistebat
1392 1237 1433 1299 et

328 1324 517 1399 revocatis
537 1325 733 1399 clientibus
754 1325 832 1398 suis
852 1326 1039 1423 peditibus
1058 1350 1127 1424 per
1151 1326 1302 1398 illorum
1327 1327 1430 1400 vires

328 1425 567 1499 adversarios
593 1449 662 1522 per
680 1425 799 1498 valles
819 1437 857 1498 et
875 1426 1006 1500 vineas
1025 1427 1063 1499 in
1081 1427 1212 1523 fugam
1232 1427 1431 1522 convertit,

328 1549 473 1624 eosque
491 1525 645 1623 gravius
665 1526 906 1622 expugnavit.
952 1527 1008 1600 oe
1039 1527 1172 1625 quibus
1200 1527 1429 1601 adversariis

326 1627 365 1698 in
383 1626 536 1700 introitu
554 1624 642 1699 ville
655 1625 790 1698 Braine
811 1637 848 1700 et
866 1631 912 1701 de
931 1625 1078 1700 illorum
1097 1627 1283 1725 peditibus
1299 1652 1429 1725 quarn-

326 1727 455 1825 plures
480 1726 680 1822 interlecti,
707 1727 889 1824 multique
913 1727 1022 1826 aquis
1047 1728 1249 1824 submersi,
1275 1728 1427 1826 quidam

324 1851 415 1900 vero
444 1826 542 1926 capti
567 1827 730 1902 fuerunt.
779 1826 917 1926 Sicque
943 1829 1117 1902 dominus
1145 1853 1275 1902 comes
1302 1829 1429 1902 Hanc-

324 1929 484 2024 niensis,
510 1931 646 2024 adepta
675 1929 721 2000 de
748 1938 859 2002 nocte
884 1928 1053 2024 victoria,
1081 1929 1139 2000 cui
1168 1929 1317 2003 claritas
1337 1932 1426 2003 lune

325 2031 529 2101 admodum
554 2026 706 2124 profuit,
733 2031 905 2124 gaudens
927 2039 965 2102 et
983 2028 1181 2102 incolumis
1200 2030 1287 2104 inde
1306 2031 1425 2104 rediit.

398 2129 441 2202 ln
467 2131 599 2201 diebus
624 2126 697 2200 illis
724 2128 923 2225 Henricus,
949 2129 1128 2202 Ludovici
1146 2129 1248 2227 regis
1266 2132 1425 2204 Franco·

323 2251 409 2300 rum
438 2237 475 2301 et
495 2227 646 2302 Roberti
670 2227 818 2303 comitis
836 2228 973 2302 Braine
993 2241 1030 2303 et
1048 2230 1146 2304 Petri
1174 2232 1221 2304 de
1247 2231 1424 2306 Cortonai

321 2325 458 2425 frater,
485 2327 853 2426 archiepiscopatum
879 2331 1113 2405 Remensem
1138 2332 1332 2428 regebatt,
1361 2331 1423 2431 qui

322 2433 421 2502 bona
454 2429 616 2502 ecclesie
647 2429 766 2500 multa
795 2453 865 2527 per
893 2431 977 2502 loca
1009 2432 1278 2524 augmentavit.
1337 2434 1423 2532 Ipse

324 2538 449 2600 castra
462 2525 639 2602 Sessals²
658 2537 695 2600 et
713 2527 912 2602 Curmesi³
929 2540 968 2602 et
984 2529 1021 2602 in
1036 2532 1165 2606 Remis
1184 2534 1337 2606 domum
1352 2534 1424 2607 for·

322 2628 511 2702 tissimam
526 2628 563 2699 in
578 2627 675 2722 loco,
694 2626 757 2724 qui
770 2628 879 2702 Porta
893 2630 1023 2704 Martis
1039 2631 1184 2728 dicitur,
1203 2635 1423 2724 construxit,

323 2730 386 2826 qui
410 2728 577 2826 predicto
605 2731 739 2802 eodem
766 2753 865 2802 anno
893 2731 1068 2806 decessit.
1118 2734 1185 2809 Cui
1212 2735 1422 2808 Willolmus

324 2829 559 2902 Senonensis
579 2828 902 2927 archiepiscopus,
922 2832 983 2929 qui
1004 2843 1040 2906 et
1053 2834 1288 2908 Senonensis
1305 2837 1423 2909 archi-

324 2929 585 3027 episcopatum
612 2939 649 3002 et
667 2931 940 3004 Carnotensem
969 2933 1230 3032 episcopatum
1253 2942 1422 3034 regebat,

323 3030 440 3102 frater
464 3029 617 3126 inquam
643 3030 759 3104 Adele
784 3032 1013 3106 Francorum
1039 3036 1170 3133 regine
1203 3047 1241 3109 et
1272 3037 1421 3110 Henrici

323 3131 470 3205 comitis
490 3131 765 3230 Campanensis
785 3143 822 3206 et
840 3134 1042 3208 Theobaldi
1062 3137 1210 3211 comitis
1228 3137 1423 3212 Blesensis

323 3243 362 3307 et
388 3231 572 3378 Stephpni
608 3232 773 3332 comitis,
812 3234 849 3306 in
885 3235 1212 3336 archiepiscopatu
1243 3237 1423 3313 Remensi

324 3333 544 3408 successit.

397 3433 540 3506 Eodem
560 3456 658 3506 anno
679 3455 763 3504 oum
782 3432 971 3507 Walterus
989 3434 1252 3511 Laudunensis
1279 3438 1423 3537 episco-

323 3555 394 3631 pus
422 3555 490 3629 pro
516 3531 705 3605 debilitate
732 3531 791 3605 sui
818 3534 985 3632 corporis
1014 3536 1248 3637 episcopatui
1277 3563 1346 3612 suo
1365 3563 1422 3612 re·

322 3633 557 3729 nunciasset,
584 3642 621 3705 et
639 3632 788 3730 quidam
809 3633 890 3708 eius
909 3659 1029 3734 nepos
1047 3639 1251 3734 Walterus,
1277 3640 1422 3713 Lauda·

323 3733 455 3808 nensis
473 3733 707 3807 tesaurarius
727 3735 901 3830 ecclesie,
922 3760 945 3808 a
965 3741 1125 3836 quadam
1145 3749 1252 3838 parte
1272 3738 1422 3838 capituli

325 3836 470 3910 electus
500 3842 536 3907 et
561 3857 582 3905 a
607 3858 757 3908 summo
776 3835 952 3935 pontifice
972 3838 1215 3914 confirmatus
1236 3851 1273 3914 et
1292 3864 1422 3914 conse·

325 3947 465 4033 cratus,
492 3935 529 4007 in
547 3935 666 4009 reditu
686 3960 708 4008 a
728 3937 829 4010 curia
849 3939 1017 4012 Romana
1038 3941 1283 4038 decessisset,
1308 3941 1423 4015 domi·

324 4063 396 4112 nus
424 4038 617 4134 Rogerus,
645 4035 814 4111 lleinaldi
843 4041 888 4114 de
916 4040 1056 4114 Roseto
1081 4043 1214 4140 frater,
1243 4040 1423 4141 sepedicti

165 4178 229 4268 ᾖ.
324 4193 349 4263 1)
370 4209 392 4246 a.
414 4185 604 4246 rtet-1175.
623 4189 710 4260 pridie
729 4189 793 4246 ldus
812 4190 879 4248 Nov.
960 4194 988 4263 2)
1009 4191 1106 4262 Selles,
1126 4214 1140 4250 a
1160 4195 1253 4252 llemir
1272 4199 1305 4252 od
1326 4197 1423 4256 orient·

322 4265 349 4337 3)
371 4263 505 4336 Cosmicy,
526 4281 540 4316 a
561 4261 653 4318 Remis
674 4268 706 4318 ad
728 4274 794 4336 sept.
869 4266 895 4339 4)
916 4283 939 4322 a.
963 4266 1042 4322 1176.
