3002 4790
309 381 611 502 'onnonrcon
629 409 948 502 3333313333.
1118 421 1190 494 333

92 628 246 702 domino
265 589 549 727 archiepiscopo
563 616 744 712 Remensi
764 637 802 701 et
819 626 901 700 eius
915 601 1133 697 officialibus
1154 630 1279 700 331135.

92 755 129 804 a
136 726 288 804 domiuo
308 729 486 844 episcopo
506 727 773 804 Cameracensi
799 727 940 801 eteius
956 749 977 796 o
981 725 1253 824 llicialibus,

93 853 170 928 que
199 830 372 929 equidem
399 831 510 928 giste
507 831 581 902 331
610 831 788 930 personia
808 829 1003 922 dicuntur,
1034 849 1189 940 3333333

92 934 234 1006 debent
253 927 413 1005 liberare
429 942 485 1026 et
505 931 537 1004 si
556 953 717 1005 necesse
736 929 868 1025 fuerit
887 953 953 1002 eas
970 926 1190 1024 constagias

91 1032 265 1147 3331333
285 1033 446 1116 33313313
464 1032 698 1146 persolvere,
721 1031 771 1104 ita
792 1033 889 1128 quod
909 1049 1101 1126 uunquam
1120 1029 1192 1101 bec

93 1158 169 1206 ursi
189 1158 209 1206 a
236 1133 397 1210 dominis
425 1133 621 1220 comitibus
640 1132 944 1206 Hanouieusibus
965 1129 1190 1228 requirenda

7 1295 8 1298 ,
92 1244 193 1308 sunt.
239 1235 285 1308 Ut
312 1245 438 1306 autem
465 1234 548 1332 ipsa
569 1234 776 1322 Montensis
806 1232 967 1306 ecclesia
993 1253 1108 1329 super
1132 1229 1213 1302 bis'

93 1337 259 1431 gaudeat
277 1345 460 1432 perpetua
481 1359 575 1433 pace
595 1345 632 1407 et
656 1335 842 1428 libertate
868 1332 1040 1406 dominus
1058 1353 1189 1420 comes

92 1432 1190 1532 HanuniensisBalduiuus‚marchioNamurcensiS‚scripto

95 1545 134 1608 31
153 1535 275 1650 sigillo
295 1561 367 1609 suo
383 1541 516 1612 eadem
536 1535 804 1610 confirmauit

153 1637 238 1710 llic
258 1637 377 1714 eciam
398 1637 821 1733 333133Η3333133313,
848 1636 1015 1708 marchio
1026 1636 1191 1708 'Namm-

95 1739 236 1834 333313,
262 1741 322 1812 ad
335 1741 644 1836 consequendum
670 1738 792 1810 maius
820 1737 945 1810 anime
973 1760 1059 1810 333
1069 1757 1191 1808 reme·
1287 1779 1289 1786 ,

94 1839 205 1954 dium·
215 1839 432 1916 Montibus
422 1864 458 1910 m
480 1837 726 1912 monasterio
745 1835 1299 1911 1331311313133331113331-’13101

96 1950 177 2014 1333
195 1939 399 2014 1313333113
415 1939 548 2012 ebori
537 1963 575 2011 m
593 1941 739 2012 honore
757 1939 856 2013 beati
875 1939 998 2012 lacobi
1017 1937 1200 2035 apostolis

7 2117 8 2120 ,
92 2041 219 2116 1333313
246 2039 399 2156 inquam
420 2043 518 2115 beati
545 2041 720 2114 lobannis
740 2041 997 2138 ewangeliste‚
1025 2039 1191 2112 construi

7 2177 9 2180 ·
95 2141 292 2238 ordinavit
321 2142 525 2240 disponens
545 2153 581 2214 et
600 2140 769 2255 firmam,
787 2152 828 2212 ut
850 2142 1075 2254 ubicumque
1093 2140 1202 2213 1333·

7 2243 9 2330 f
95 2266 183 2315 rum
204 2267 290 2316 eum
310 2246 494 2316 decedere
518 2242 766 2340 contingeret
794 2266 946 2415 corpust
943 2243 1033 2315 3133
1052 2241 1192 2354 iuipsa

7 2369 8 2372 ¹
65 2399 68 2402 -
96 2337 258 2418 ecclesia
276 2355 364 2417 3313
381 2344 481 2418 idem
501 2343 618 2416 313333
637 2343 875 2457 sepeliretur
895 2354 933 2415 31
951 2363 1099 2456 quaqua
1117 2339 1191 2437 die,
1211 2353 1213 2356 ’

7 2527 9 2538 ,
96 2447 181 2518 dum
201 2445 625 2558 31333311333333333,
653 2443 689 2516 13
719 2446 852 2517 eodem
881 2443 986 2516 altari
1006 2444 1124 2516 missa
1143 2445 1190 2516 de

7 2551 12 2636 J
94 2545 272 2643 gloriosa
277 2546 345 2619 Dei
370 2545 553 2644 genitrice
572 2545 687 2618 Maria
708 2545 975 2642 celebraretur,
998 2555 1088 2642 3331
1109 2542 1189 2616 3133

7 2679 9 2742 4
94 2672 184 2721 vero
217 2650 418 2721 decessum
452 2670 600 2744 quaque
632 2644 736 2720 3113
717 2671 762 2717 m
800 2656 1025 2745 perpetuum
1048 2645 1190 2758 missa,

7 2825 9 2830 ³
97 2771 206 2844 quam
223 2747 503 2819 ecclesiasticus
518 2750 608 2819 ordo
623 2770 691 2844 pro
706 2745 877 2819 fidelibus
893 2745 1078 2819 defunctis
1094 2745 1196 2818 cele-'

94 2847 192 2920 brari
207 2845 400 2934 ordinavit
418 2847 455 2928 iu
473 2845 557 2944 ipso
572 2846 679 2918 313331
697 2870 764 2944 333
778 2846 947 2920 remedio
962 2847 1088 2920 anime
1108 2845 1188 2919 eius

97 2945 391 3042 celebrabitur·
381 2972 419 3019 ru
434 2970 593 3044 quarum
613 2946 866 3021 celebratione
882 2946 1084 3021 missarum
1104 2969 1189 3045 pro·

93 3049 180 3147 prie
193 3059 231 3121 et
256 3002 442 3146 speciales
470 3071 538 3144 pro
558 3050 692 3121 eodem
711 3047 860 3118 comite
867 3056 945 3121 tam
963 3049 1001 3119 iu
1021 3047 1188 3120 collectis
1210 3081 1212 3088 ·

7 3147 9 3242 ῗ
64 3143 69 3154 ’
96 3173 207 3264 quam
237 3149 394 3223 secretis
421 3159 459 3220 33
481 3146 895 3246 postcommunionibus
920 3145 1076 3220 dicende
1102 3157 1190 3220 sunt

95 3251 294 3323 orationes
330 3249 515 3324 Sacerdos
541 3258 668 3322 autem
686 3251 734 3322 ad
753 3250 826 3321 lrec
844 3249 1066 3342 complenda
1086 3273 1106 3320 a
1127 3251 1189 3321 do-

95 3352 194 3426 mino
220 3351 363 3425 333333
376 3348 617 3426 Ι-Η333313331
645 3373 799 3449 semper
821 3348 1056 3446 instituetur7
1082 3349 1189 3424 salvo

7 3459 16 3530 ἓ
95 3454 175 3526 1333
199 3451 465 3526 canonicorum
486 3451 606 3525 sancti
625 3450 803 3525 Germani
821 3449 859 3522 iu
880 3451 957 3524 suis
978 3449 1188 3527 offertoriis

7 3579 9 3650 ξ
93 3553 138 3626 Et
153 3553 254 3627 idem
273 3555 451 3626 sacerdos
470 3553 507 3625 in
526 3552 729 3628 maioribus
745 3549 1085 3650 sollempnitatibus
1099 3551 1188 3624 anni
1257 3615 1269 3632 „

93 3655 131 3728 in
150 3655 311 3729 33313313
331 3659 438 3738 beate
453 3654 728 3728 Waldetrudis
723 3664 801 3727 tam
819 3653 992 3768 vesperis
1013 3663 1050 3726 et
1069 3663 1189 3725 matu·

7 3773 9 3852 ζ
96 3754 180 3830 tinis
201 3767 238 3830 et
256 3755 561 3870 processionibus
590 3765 627 3828 31
650 3755 860 3829 maioribus
872 3753 1003 3828 missis
1023 3778 1110 3826 cum
1130 3776 1190 3824 ca

7 3901 9 3940 ÷
98 3857 239 3932 noniois
259 3857 383 3930 sancti
398 3854 577 3930 Germani
605 3865 789 3929 eteorum
808 3855 959 3932 vicariis
979 3853 1188 3948 deserviet3
1198 3879 1199 3884 ¹

7 3963 11 4054 J
100 3958 168 4029 cui
192 3957 342 4057 quidem
382 3955 567 4032 sacerdoti
604 3957 779 4030 dominus
816 3973 943 4031 comes
979 3953 1189 4052 assignavit

98 4081 243 4156 quoquo
262 4083 360 4134 anno
383 4059 429 4136 15
442 4058 587 4132 modios
607 4057 765 4156 segetis,
783 4056 926 4131 33111333
944 4056 1187 4171 medietstem

99 4213 124 4298 11
142 4209 280 4282 Originelo
299 4213 380 4268 buius
398 4213 515 4268 obortae
529 4213 647 4268 noudum
665 4212 736 4284 typis
756 4215 834 4267 313133
853 4211 944 4282 (1195.
964 4209 1031 4268 Dec
1045 4209 1083 4283 8.]
1103 4219 1189 4266 exstat

7 4285 12 4334 ἵ
97 4283 250 4342 1333311133
269 4283 894 4354 1113313331,133181.Ἢ33(133,113133733.
1194 4308 1197 4311 ·
