3066 4788
378 435 657 511 cnuourcou
684 437 1004 513 rononiense,
1063 413 1066 418 ’
1191 445 1236 518 13

144 635 230 709 turis,
254 653 332 714 quas
347 635 414 717 ipsa
430 636 516 696 dedit
527 636 637 699 Va'leto
655 639 694 698 de
709 637 828 708 babeo,
852 647 882 700 et
906 657 965 700 nos
982 659 1019 700 er
1041 638 1104 701 hoc
1121 629 1237 702 bonum
1290 691 1293 698 .

141 719 294 780 babemus
317 719 523 784 excambium.
558 721 725 782 Precamur
740 721 835 802 igitur
852 721 1012 784 dominum
1028 722 1237 784 Leudiensem

142 802 326 881 episcopum
349 811 383 864 ut
405 803 436 863 id
463 804 581 883 scripto
608 811 639 865 et
664 805 767 883 sigillo
790 823 848 866 suo
872 804 1061 867 confirmare
1084 805 1238 886 dignetur.

140 885 256 947 Datum
272 885 351 946 seria
374 887 404 950 6.
422 894 495 947 ante
517 886 678 962 lnvocarit
700 907 759 960 me,
782 907 889 952 meuse
905 890 1036 966 Marito.
1049 907 1078 953 a.
1092 888 1129 954 D.
1148 889 1240 954 1209.

140 968 464 1131 ῖῖΕωΛξΙιαὲἱὶιιίαιὲο
480 969 514 1032 S.
529 970 642 1033 Albani
663 972 695 1032 io
716 971 843 1033 crcbioo
860 974 1054 1035 Nemorensi
1076 980 1240 1124 usserrpp‘t'o
1266 989 1269 994 ·

158 1097 165 1112 .
210 1055 229 1112 ¹.
282 1071 308 1116 r.
352 1064 381 1111 ¹.
1032 1091 1035 1094 ·
1231 1101 1239 1120 ·

228 1145 318 1210 1210.
362 1143 396 1206 ln
421 1145 548 1208 nomine
564 1145 701 1212 Domini.
730 1147 800 1226 Ego
824 1147 985 1226 Philippus
1010 1146 1150 1209 marchio
1172 1149 1240 1209 Na-

142 1229 299 1290 muceusis
315 1236 423 1290 notum
439 1226 522 1290 facio
541 1229 692 1292 universis
708 1237 770 1291 tam
787 1231 984 1309 presentibus
1001 1250 1094 1312 quam
1118 1230 1239 1306 tuturis,

142 1313 229 1393 quod
260 1309 428 1392 capitulum
451 1311 485 1376 ,8.
508 1312 620 1374 Albani
646 1313 853 1374 Namucensis
883 1315 1039 1376 concessit
1063 1311 1239 1376 Gilleberto

142 1394 306 1474 preposito
329 1414 398 1470 suo,
423 1393 508 1455 fideli
525 1415 607 1471 meo,
629 1395 734 1457 omnia
758 1414 889 1458 nemora
913 1405 976 1458 tam
1000 1398 1121 1458 maiora
1144 1411 1239 1478 quam

65 1491 66 1496 ’
142 1478 283 1553 minora,
315 1486 377 1539 tarn
409 1477 448 1538 ad
482 1481 740 1541 communitatem
769 1497 857 1540 suam
889 1499 982 1559 quam
1017 1481 1058 1540 ad
1091 1478 1239 1560 preposi-

108 1569 112 1573 “
143 1570 244 1622 turam
271 1562 459 1640 spectantia,
497 1562 662 1624 vendenda
691 1571 721 1624 et
748 1562 950 1642 extirpanda,
983 1569 1037 1624 eut
1064 1563 1094 1622 in
1126 1569 1240 1624 terram

143 1643 296 1704 arabilem
333 1645 547 1706 convertenda
584 1655 616 1706 et
651 1645 690 1706 ad
729 1665 841 1707 census
877 1655 907 1706 et
944 1647 1086 1708 redditus
1110 1645 1241 1707 meliore

143 1725 313 1788 commodo
337 1725 499 1798 habenda,
530 1734 564 1786 ut
585 1726 659 1788 iude
682 1728 832 1790 medietas
857 1738 1040 1806 permaneat
1071 1729 1110 1790 ad
1139 1731 1242 1789 bene·-

95 1817 97 1820 ’
141 1807 247 1872 ficium
272 1816 301 1871 et
323 1809 453 1870 feodum
480 1808 679 1890 prepositure
701 1809 800 1880 illius,
829 1809 921 1872 aliam
941 1831 1017 1871 vero
1040 1811 1241 1872 medietatem

142 1893 271 1954 nomine
305 1891 437 1954 ecclesie
470 1892 585 1954 babeat
617 1894 685 1971 ipse
712 1893 900 1955 Gillebertus
930 1894 1109 1974 prepositus
1136 1893 1242 1974 quoad

141 1975 254 2038 rixerit
269 1983 299 2037 et
321 1973 551 2054 preposituram
574 1976 663 2038 illam
683 1976 829 2041 tenuerit.
863 1977 938 2038 Post
953 1976 1018 2039 eius
1033 1995 1111 2038 rero
1126 1977 1244 2038 deces-

142 2077 211 2120 sum
227 2058 281 2120 illa
298 2059 451 2119 medietas
472 2059 584 2120 redeat
604 2059 673 2121 sine
696 2057 884 2122 detrimento
908 2060 1014 2141 aliquo
1038 2059 1087 2122 rel
1110 2067 1243 2122 contra-

145 2140 282 2202 dictione
308 2141 347 2202 ad
371 2141 629 2204 communitatem
651 2144 884 2224 prebendarum
908 2143 1012 2204 Sancti
1036 2143 1159 2204 Albani.
1203 2141 1244 2202 Ut

143 2231 249 2284 autem
272 2223 335 2283 boc
357 2231 458 2283 ratum
478 2223 635 2284 babeetur
657 2234 688 2285 et
709 2226 893 2286 inviolatum
918 2231 1103 2302 permaneat
1125 2223 1241 2304 scripto

142 2311 291 2386 presente
322 2315 351 2367 et
380 2302 483 2383 sigillo
513 2323 585 2366 meo
618 2325 689 2368 cum
723 2307 865 2386 predictd
898 2305 1038 2370 ecclesie,
1059 2316 1089 2368 et
1108 2305 1244 2388 predicti
1357 2306 1358 2309 ’

142 2388 296 2470 prepositi
328 2387 438 2468 sigillis
468 2386 553 2450 idem
582 2385 762 2450 confirmari
788 2389 923 2450 decrevi.
967 2390 1078 2451 Actum
1102 2409 1132 2454 a.
1153 2387 1244 2450 verbi

132 2473 203 2535 inc.
229 2473 319 2536 1210.
342 2504 382 2515 -
405 2470 459 2531 Ere
479 2471 587 2534 eodem
609 2471 800 2536 chartulario
819 2473 845 2550 s.
868 2475 897 2537 7.
920 2472 976 2534 Νι.
999 2475 1051 2536 20.
1178 2473 1244 2539 llll.

189 2625 192 2634 .
230 2573 322 2638 1210.
377 2570 412 2632 ln
448 2571 575 2653 nomine
604 2569 741 2635 Domini.
799 2573 866 2652 Ego
904 2572 1071 2656 Philippus·
1100 2571 1242 2641 marchio

142 2655 347 2717 Namncensis
381 2661 490 2716 notum
525 2654 609 2717 facio
640 2655 793 2718 universis
825 2666 887 2719 tam
921 2655 1117 2737 presentibus
1148 2671 1242 2736 quam

142 2737 272 2812 suturis,
302 2737 388 2820 quod
416 2736 518 2800 fidelis
548 2756 636 2800 meus
657 2738 858 2814 Gillibertus‚
897 2738 1074 2820 prepositus
1107 2739 1244 2800 ecclesie

144 2821 241 2884 sancti
255 2819 366 2882 Albani
383 2821 413 2882 in
426 2821 577 2896 Namuco,
593 2821 632 2883 de
646 2839 731 2884 mera
743 2822 928 2884 liberalitate
942 2822 1097 2885 concessit
1109 2821 1243 2882 ecclesie

143 2904 246 2966 eidem
277 2911 308 2965 et
338 2921 407 2966 urea
440 2902 667 2966 interveniente
700 2906 858 2985 peticione
885 2905 1039 2981 firmavit,
1068 2910 1102 2966 ut
1131 2923 1242 2966 omnes

144 2986 277 3050 ecclesie
299 3005 369 3048 cum
392 2986 544 3048 altaribus
561 2993 592 3049 et
614 2987 705 3048 bonis
720 2990 784 3050 suis
801 2989 840 3050 ad
862 2990 1067 3051 donationem
1091 2986 1242 3068 prepositi

144 3076 176 3132 et
208 3069 433 3130 canonicorum
463 3069 493 3131 S.
517 3069 631 3130 Albani
662 3071 853 3148 pertinentes
885 3071 999 3132 cedant
1025 3078 1180 3150 perpetuo
1209 3069 1242 3130 in

145 3149 399 3214 communitatem
415 3156 447 3211 et
469 3157 670 3229 augmentum
695 3151 927 3229 prebendarum
951 3153 980 3212 S.
1003 3154 1126 3227 Albani,
1149 3156 1244 3232 post-

142 3234 294 3314 ponendo
316 3237 349 3294 et
370 3231 594 3294 annichilando
618 3233 759 3294 redditus
786 3250 941 3313 caponum
969 3239 999 3293 et
1028 3232 1242 3310 donariorum,

144 3337 225 3398 quus
249 3315 386 3398 quedam
413 3315 547 3378 ecclesie
574 3316 694 3396 pretate
717 3317 873 3379 debebunt
895 3317 1057 3377 annuatim
1080 3315 1242 3396 preposito

143 3399 174 3464 S.
197 3398 321 3464 Albani.
368 3399 406 3460 Et
429 3417 538 3461 earum
566 3399 685 3462 tructus
716 3405 748 3460 et
769 3407 939 3478 proventus
963 3408 1186 3462 convertantur
1211 3399 1242 3460 in

144 3482 331 3545 cotidianam
350 3481 603 3545 distributionem
621 3481 677 3558 eis,
699 3482 752 3564 qui
770 3483 930 3545 matutinis
946 3482 1143 3546 interfuerint
1159 3489 1190 3543 et
1210 3481 1241 3543 in

144 3564 331 3646 dormitorio
354 3564 517 3641 iacuerint‚
540 3567 571 3625 in
595 3565 708 3646 quibus
732 3566 909 3646 prepositus
933 3574 964 3628 et
985 3566 1170 3632 decanuss.
1184 3565 1243 3626 Al-

143 3648 216 3711 bani
238 3648 270 3708 in
291 3645 380 3708 horis
404 3647 550 3726 predictis
573 3649 771 3710 interfuerint
793 3650 952 3730 duplicem
980 3647 1140 3710 habebunt
1163 3668 1242 3728 por·

144 3731 273 3793 tionem.
316 3729 354 3792 Ut
377 3738 480 3792 autern
505 3729 564 3793 bec
586 3739 653 3794 rata
682 3730 863 3794 habeantur
882 3740 920 3795 et
950 3732 1102 3794 inviolata
1125 3733 1243 3792 obser·

142 3822 255 3875 ventur
276 3813 382 3891 scripti
406 3813 559 3895 presentis
574 3815 776 3877 annotatione
796 3823 827 3876 et
848 3815 942 3897 sigilli
966 3815 1028 3876 mai
1045 3813 1243 3894 appositione

144 3915 213 3958 cum
236 3895 388 3978 sepedicti
411 3905 442 3958 et
464 3898 693 3976 sepenominati
719 3899 870 3978 prepositi
894 3897 1005 3978 sigillis
1028 3898 1138 3958 eadem
1162 3915 1243 3956 con-

143 3978 262 4041 firmari
286 3979 421 4045 decrevi.
461 3987 573 4042 Actum
591 3999 674 4042 anno
692 3983 777 4042 verbi
793 3982 946 4044 incarnati
964 3982 1055 4046 1210.
1071 3978 1243 4040 -Ibidem

141 4063 167 4140 f.
189 4062 230 4126 8‘.
253 4062 311 4128 Nr.
330 4062 380 4126 28.
1045 4123 1048 4130 ,
1178 4065 1242 4128 ltu.

229 4164 320 4229 1211.
350 4163 442 4230 Mart.
467 4164 516 4230 tt.
538 4164 625 4242 opud
643 4164 714 4231 Alb.
768 4166 924 4245 Philippus
953 4165 1092 4227 marchio
1121 4163 1244 4227 Namu-

145 4247 246 4310 ccnsis
267 4248 431 4325 coufirmat
446 4250 528 4328 quod
544 4249 685 4310 Gisleous
704 4250 853 4311 dommum
869 4251 908 4310 de
921 4249 1117 4328 Mommepiec
1139 4249 1243 4310 donc·
