3118 4786
317 367 389 444 120
726 360 1012 438 GISLEBERTI

223 573 355 642 1¹0⁰·et
372 565 576 642 admodum
593 563 750 664 pulchre
770 573 807 638 et
829 564 1000 638 honeste.
1054 561 1136 650 Que
1154 572 1282 636 tamen
1299 565 1420 637 verba

317 692 403 742 oum
437 665 608 764 Philippo
645 665 783 739 comite
815 663 988 737 Flandrie
1022 662 1145 762 magis
1181 687 1295 762 quam
1327 687 1418 736 oum

316 766 454 842 comite
476 764 708 839 Hanoniensi
731 765 1001 859 tractabantur,
1029 763 1127 838 unde
1146 763 1193 836 ad
1209 764 1284 837 hoc
1302 766 1420 838 verba

316 868 499 968 producta
518 867 670 940 fuerunt
684 865 782 965 quod
801 863 883 964 ipse
897 887 1026 938 comes
1040 862 1214 939 Flandrie
1229 874 1267 938 et
1279 862 1419 937 Radul-

343 969 415 1042 hus
430 991 558 1041 comes
570 965 812 1040 Clarimontis
827 965 941 1040 etalii
956 963 1107 1063 quidam
1126 963 1295 1064 precipui
1314 964 1420 1064 regis

316 994 550 1142 Francorum
573 1066 781 1142 familiares
800 1075 838 1140 et
864 1063 1069 1156 consiliarii
1093 1065 1272 1140 comitem
1290 1065 1418 1138 Hanc·

317 1169 490 1244 triensem
516 1178 555 1241 et
575 1167 656 1241 eius
676 1191 832 1242 uxorem
851 1166 1134 1264 Margharetam
1151 1166 1340 1239 Montibus
1359 1189 1420 1240 re·

314 1268 529 1368 ,quisieruut
551 1268 713 1342 termino
737 1266 1075 1365 quadragesimali⁷
1097 1265 1223 1364 ibique
1247 1291 1315 1366 per
1336 1276 1419 1340 tres

319 1370 399 1443 dies
413 1378 645 1442 manserunt.
673 1367 810 1441 Comes
826 1377 953 1442 autem
966 1365 1231 1464 Hanuniensis,
1246 1366 1420 1465 quamvis
1512 1387 1513 1390 ’

319 1469 439 1544 filiam
452 1493 560 1542 suam
575 1468 620 1540 ad
635 1467 728 1542 tanti
743 1466 899 1541 honoris
913 1467 1060 1566 apicem
1074 1466 1289 1567 promoveri
1303 1490 1419 1566 posse
1512 1495 1513 1502 ¹

208 1569 482 1666 ·r.3r.videret‚
509 1569 647 1642 'tamen
673 1568 941 1644 conventiones
967 1567 1296 1642 matrimoniorum
1323 1591 1420 1664 quus

320 1695 407 1744 cum
425 1668 589 1744 Henrico
615 1668 753 1743 comite
772 1669 1024 1768 Campanensi
1048 1668 1266 1744 firmaverat
1292 1671 1421 1741 obser·

272 1827 279 1838 .
318 1795 409 1846 vare
434 1770 579 1868 volens,
609 1795 678 1868 pro
704 1769 915 1844 iuramento
944 1794 1012 1844 suo
1032 1769 1211 1843 salvando
1232 1767 1419 1867 petitioni-

319 1873 390 1945 bus
409 1869 561 1944 illorum
581 1870 792 1946 contrarius
811 1873 946 1947 stabat.
985 1872 1124 1944 Verum
1143 1869 1292 1943 comitis
1309 1867 1338 1940 F
1340 1869 1420 1942 lan·
1496 1956 1499 1960 ¹

322 1970 467 2045 drensis
481 1971 675 2045 voluntate
689 1981 883 2070 preeunte,
903 1972 949 2042 ad
966 1971 1040 2044 hoc
1059 1969 1233 2043 inductus
1248 1971 1318 2044 fuit
1329 1969 1419 2043 licet
1528 1985 1531 2070 '3

322 2071 454 2144 dolens
473 2071 571 2166 quod
599 2070 718 2144 filiam
744 2095 853 2144 suam
873 2070 1055 2144 voluntati
1079 2069 1227 2144 comitis
1246 2070 1420 2144 Flandrie
1531 2095 1532 2102 ¹

322 2169 506 2270 exposuit.
559 2170 682 2259 Quam
718 2195 846 2246 comes
877 2169 1117 2246 Flandrensis
1153 2170 1281 2246 statim
1314 2169 1419 2245 illinc

322 2296 452 2348 secum
470 2269 508 2344 in
527 2270 740 2346 Flandriam
754 2272 916 2346 deduxit.
944 2272 1106 2346 Dolebat
1124 2272 1275 2369 quidem
1289 2296 1420 2346 comes

321 2371 573 2446 Hanoniensis
592 2373 691 2469 quod
710 2397 797 2471 pars
818 2373 989 2446 Flandrie
1008 2397 1075 2469 pro
1091 2372 1332 2448 matrimonio
1353 2372 1418 2445 illo

324 2472 370 2545 ad
385 2496 515 2570 regem
528 2471 759 2545 Francorum
774 2482 861 2570 post
873 2473 1071 2548 decessum
1087 2473 1236 2546 comitis
1247 2473 1420 2548 Flandrie

324 2571 499 2646 devenire
518 2571 695 2666 debebat3
716 2571 969 2670 compositum
988 2572 1188 2670 eninr'fuit7
1207 2584 1249 2648 ut
1266 2576 1421 2648 Atreba-

322 2683 404 2745 tum
424 2669 555 2747 civitas
575 2681 612 2747 et
632 2669 793 2746 Sanctus
808 2672 1046 2747 Audomarus
1064 2673 1248 2771 Ariaque1
1273 2685 1311 2749 et
1328 2675 1421 2748 Hes·

324 2769 493 2867 dinum2,
512 2771 686 2846 videlicet
708 2783 809 2846 terra
832 2783 938 2847 extra
954 2772 1196 2870 Fossatum,
1224 2776 1269 2848 ad
1288 2799 1421 2874 regem

323 2871 556 2946 Francorum
570 2871 773 2971 deveniret,
792 2873 865 2947 alie
879 2898 968 2950 vero
984 2875 1132 2948 comitis
1147 2875 1319 2950 Flandrie
1334 2899 1421 2974 pos-

325 2972 516 3046 sessiones
532 2997 664 3047 omues
679 2975 725 3047 ad
740 2974 919 3049 comitem
929 2975 1100 3050 Hanunie
1115 2986 1153 3050 et
1166 2993 1323 3051 uxorem
1338 2976 1420 3050 eius

322 3074 605 3173 Margharetam
625 3085 664 3148 et
681 3100 813 3149 eorum
831 3077 991 3151 heredes
1010 3076 1258 3151 devenirent.
1311 3077 1422 3151 Com·

324 3208 351 3275 1)
369 3209 445 3266 Atre.
519 3210 546 3281 2)
567 3205 683 3275 Hesdim
703 3214 737 3265 nd
758 3212 782 3264 lo
803 3210 913 3268 Gancbe
932 3213 960 3266 ss.
1034 3211 1061 3284 3)
1081 3213 1137 3268 ie.
1156 3211 1265 3268 Fossam
1285 3211 1420 3268 botonem

324 3283 417 3356 (rosso
430 3279 524 3353 Neui];
545 3294 614 3338 terra
635 3302 705 3356 quoe
743 3294 816 3338 osten
829 3285 920 3339 Armis
940 3284 1047 3338 dicitur.
1122 3285 1149 3356 4)
1168 3285 1260 3352 Quum
1280 3285 1347 3340 boec
1366 3287 1419 3340 iem

322 3357 394 3426 typis
413 3357 474 3409 dote
494 3365 593 3420 essent,
613 3359 716 3410 amicus
754 3357 889 3411 beodorus
901 3355 1010 3410 Toeche
1028 3374 1053 3410 v.
1067 3359 1094 3411 d.
1115 3359 1256 3414 nobiscum
1276 3377 1307 3412 ex
1327 3359 1424 3414 codice

324 3427 461 3498 epistolari
487 3426 734 3492 Hildesbeimensi‚
761 3429 838 3482 cuius
864 3429 1010 3484 editionem
1036 3434 1184 3486 seeundum
1211 3432 1420 3502 manuscriptum

322 3498 572 3554 Veterocetiensem
599 3518 670 3554 nunc
690 3499 855 3570 Lipsienseru
875 3500 986 3572 (Archiv
1004 3500 1055 3566 Xi,
1075 3502 1125 3556 351
1149 3505 1199 3576 sq.)
1225 3515 1313 3576 parat,
1340 3522 1421 3561 com·-

324 3571 472 3626 muuicarit
491 3572 651 3636 formulam,
679 3591 749 3645 quae
768 3573 868 3628 ibidem
888 3576 937 3628 rub
957 3592 1068 3629 numero
1088 3575 1139 3643 33,
1165 3579 1212 3634 sot.
1235 3578 1287 3632 134
1312 3579 1422 3651 iegiturJ

265 3661 267 3668 ⁴
324 3644 410 3698 banc:
432 3644 467 3700 Ut
483 3659 532 3714 pue
549 3650 680 3713 peruritur
697 3651 726 3701 r'n
743 3653 835 3702 nostro
850 3653 966 3716 ternpore
979 3647 1100 3716 firmiore
1116 3656 1291 3719 pemmoni
1308 3657 1336 3707 et
1352 3667 1423 3722 puc-

324 3731 433 3788 cumpue
452 3721 545 3772 notitia
562 3725 742 3787 proponentur
759 3724 786 3774 in
802 3725 926 3791 posteris,
947 3723 1094 3778 litterarum
1108 3728 1195 3781 rotent
1208 3728 1336 3780 memorio
1350 3739 1423 3793 per-

324 3791 445 3847 terreri.
482 3790 575 3844 Sciam
597 3806 660 3860 erpo
681 3798 820 3860 presentes
847 3800 873 3850 et
894 3800 1009 3866 perron,
1035 3799 1106 3867 quod
1130 3811 1178 3866 epo
1201 3797 1230 3851 Ρ.
1249 3797 1423 3853 flandrensis

325 3878 413 3920 comes
432 3864 536 3918 domino
555 3878 612 3918 meo
632 3865 695 3919 Pbr't.
714 3868 774 3936 repr'
790 3866 959 3938 Francorum,
987 3885 1043 3924 rum
1069 3872 1106 3924 ud
1129 3875 1228 3925 tuntum
1252 3871 1422 3925 bumilitatem

324 3951 355 3992 ae
372 3937 599 4006 collectarium,
619 3940 690 4008 prod
707 3955 765 3994 cum
783 3945 861 4010 nepte
872 3956 932 3996 mcc
944 3945 1057 4011 conrupta·
1068 3947 1261 3998 ranunculum
1280 3946 1420 4013 occiperet,

324 4013 425 4065 terrum
444 4023 527 4064 mcum
549 4015 611 4078 post
625 4011 722 4065 obitum
740 4029 826 4068 rreum
844 4014 941 4070 babere
960 4018 1093 4082 emersi,
1119 4017 1168 4071 tuti
1189 4022 1277 4070 tumen
1299 4017 1424 4084 oppositu

321 4086 452 4154 pactione,
473 4097 506 4136 rc
521 4097 572 4151 per
585 4096 643 4137 eum
662 4088 733 4140 terre
753 4087 896 4155 depereunt
913 4092 1039 4143 tnatduta.
1069 4087 1189 4144 Ceterum
1208 4095 1237 4144 ut
1254 4089 1303 4144 tec
1319 4087 1421 4153 suctum

324 4156 444 4209 illituum
459 4160 617 4223 permanent
634 4171 683 4212 nec
702 4160 787 4214 deleri
800 4164 886 4228 possit
901 4176 1029 4229 processu
1042 4165 1175 4232 temporis,
1194 4164 1324 4216 advocavi
1342 4165 1425 4216 testes

322 4227 449 4298 ydoneos,
468 4243 577 4298 quorum
589 4235 651 4284 runt
661 4235 768 4286 nomina
780 4237 808 4286 tn
816 4238 936 4301 presenti
951 4237 1050 4302 popina
1069 4240 1175 4303 parato.
1210 4235 1348 4290 Acumen
1366 4242 1421 4292 cet.

326 4295 384 4354 err.
405 4315 512 4372 quoque
531 4297 666 4357 Robertus
685 4304 718 4358 de
738 4301 833 4360 Monte
852 4308 885 4360 ad
906 4323 930 4360 a.
953 4304 1032 4371 1181,
1052 4305 1089 4362 M.
1111 4304 1144 4362 G.
1166 4305 1216 4363 SS.
1236 4305 1368 4373 V1,529.
