3002 4790
319 435 592 512 CHRONICON
621 435 933 556 Hanonlurtstt.
1081 439 1168 514 ’273
1226 484 1263 564 .'

58 637 302 735 decessisse,
331 635 530 734 'quendam
555 635 679 710 virum
705 636 888 734 nobilem,
916 636 1093 712 Ottonem
1120 639 1268 714 denos.

60 738 407 834 ¹Immonis-Monte,
432 736 550 836 ipsius
569 735 730 812 ecclesie
749 737 1083 836 archidyaconum,
1102 737 1166 836 qui
1178 729 1257 784 ¹¹⁹⁵·

65 850 200 914 tamen
227 837 401 914 electioni
428 837 568 912 domini
587 837 729 912 Alberti
747 839 793 914 de
812 837 1057 912 Kuchsuum
1083 863 1166 937 pre·
1255 913 1260 926 ,

67 943 207 1015 buerat
231 963 449 1038 assensum,
472 939 511 1020 in
529 938 751 1039 episcopum
768 939 1016 1016 berutensem
1043 940 1166 1038 elege-

20 1047 22 1052 '
61 1052 174 1140 runt,
199 1041 467 1138 venientesque
485 1041 741 1116 Wormaciam
766 1040 956 1116 civitatem
982 1041 1029 1120 ad
1049 1040 1243 1114 domi-Dec.

68 1147 162 1216 n'um
186 1141 474 1240 imperatorem,
502 1165 613 1214 suurn
638 1142 800 1217 electum
823 1140 999 1215 Ottonem
1026 1140 1060 1215 ei
1084 1141 1166 1246 pre·

60 1252 329 1318 serraverunt
373 1242 417 1316 'ln
432 1267 597 1340 ‚qnorum
617 1243 777 1316 adventu
797 1241 970 1316 dominus
988 1242 1165 1317 Albertus

63 1369 90 1418 a
111 1344 216 1417 curia
237 1344 407 1417 Romana
421 1342 573 1417 rediens
591 1347 820 1442 supervenit,
852 1343 920 1440 qui·
934 1343 1002 1442 p'er
1019 1344 1164 1418 litteras

67 1443 298 1543 apostolicas
312 1442 538 1520 electionem
552 1443 633 1517 eius
647 1443 925 1542 confirmantes,
945 1455 983 1518 et
995 1470 1063 1543 per
1075 1468 1166 1518 suos

11 1607 12 1612 ,
63 1546 238 1620 fautores
256 1545 295 1617 in
315 1545 456 1619 unitate
470 1543 632 1620 ecclesie
647 1544 909 1643 consistentes
929 1545 1165 1619 dominoim·

10 1645 11 1648 ’
64 1645 235 1745 ‚peratori
253 1656 503 1744 presentatus,
528 1645 673 1742 regalia
689 1645 907 1718 Leodiensis
926 1647 1164 1744 episcopatus

62 1747 115 1819 ab
136 1771 180 1821 eo
207 1747 288 1820 sine
312 1745 491 1820 dilatione
518 1755 556 1818 et
581 1744 803 1818 difficultate
830 1745 955 1842 aliqua
980 1746 1177 1844 suscepit,

64 1847 129 1920 cui
155 1857 201 1921 et·
211 1846 298 1920 Otto
322 1857 366 1920 et·
387 1846 507 1944 ipsius
526 1835 672 1918 Ottonis
698 1845 884 1920 electores
911 1845 947 1916 in
974 1844 1165 1944 presentia

62 1947 210 2022 «domini
228 1947 468 2046 imperatoris
487 1945 687 2020 fidelitates
702 1946 960 2021 exhibuerunt.
988 1948 1164 2021 Albertus

62 2059 202 2123 autem·
224 2049 415 2146 regalibus
433 2074 455 2121 a
475 2047 625 2128 dontino
650 2047 881 2146 imperatore
907 2047 1104 2122 investitus
1128 2058 1167 2122 et

30 2224 33 2229 ,
70 2174 92 2221 a
111 2149 397 2247 metropolitano
415 2173 483 2222 suo
503 2149 711 2224 Coloniensi
732 2146 1016 2246 archiepiscopo
1035 2163 1165 2222 conse-

64 2248 236 2347 cratus¹,
263 2249 359 2322 infra
377 2246 537 2322 ¹octavas
555 2248 754 2346 epiphanie
772 2249 955 2330 Leodium
983 2249 1163 2346 pervenit.
1212 2303 1219 2314 .

147 2353 286 2424 Eodem
302 2362 487 2447 tempore,
503 2365 592 2422 cum
603 2350 999 2436 cornesHanoniensis
1016 2361 1054 2422 et
1068 2349 1164 2424 lilius

67 2451 152 2524 eius
177 2451 567 2524 comesFlanrlrensis
589 2451 730 2544 acurio
759 2451 898 2524 domini
926 2450 1164 2548 imperatoris

67 2552 278 2647 redissent,
320 2564 449 2626 comes
473 2551 718 2636 “Flaurlrens'is
741 2555 791 2624 ‘rlc
821 2554 995 2626 mamiato
1024 2553 1166 2626 domini

70 2653 171 2750 regis
197 2655 424 2726 Francorum
453 2651 643 2750 adipsum
663 2652 922 2750 iterari-ipuit,
944 2654 983 2724 ‘in
1009 2679 1082 2750 qno
1110 2654 1166 2726 iti·

71 2777 164 2825 nere.
188 2753 404 2826 infirmitate
429 2764 634 2848 preventus
664 2753 749 2848 fnit,
773 2753 969 2850 itaquorl,
998 2754 1164 2851 peractis

69 2877 157 2924 cum
176 2853 438 2949 domino-rege
457 2853 618 2946 negotiis
639 2853 731 2949 suis,
759 2864 796 2926 et
815 2857 860 2927 ab
880 2853 962 2951 ipso
983 2877 1074 2952 rege
1102 2859 1166 2928 do·
1237 2885 1242 2896 ·
1266 2891 1269 2894 ·

10 3009 11 3012 ,
69 2952 174 3036 :mino
194 2977 263 3026 suo
283 2953 461 3048 munitur,
482 2965 520 3024 nt
534 2956 579 3024 ad
598 2954 775 3026 auxilium
791 2954 872 3026 eins
889 2965 1016 3027 contra
1033 2980 1163 3053 regem

67 3055 276 3151 Anglorum
291 3053 454 3146 veniret,
473 3052 509 3124 in
529 3053 660 3124 lectica
681 3078 800 3151 usquc
815 3055 1064 3127 Cameracum
1078 3057 1166 3128 alla-

69 3166 132 3228 tus
160 3154 227 3227 fuit
250 3154 374 3252 ibique
402 3177 470 3252 per
493 3153 633 3250 aliquot
651 3153 732 3225 dies
750 3153 970 3250 quiescere,
993 3156 1074 3228 Deo
1100 3179 1166 3228 vn-

10 3329 11 3332 ,
70 3256 174 3330 lente
194 3256 293 3354 cepit
317 3255 596 3328 convalescere.
640 3254 728 3326 lnrle
748 3258 792 3326 arl
814 3258 1028 3328 mandatum
1049 3257 1165 3354 patris

17 3403 19 3408 ,
71 3357 131 3429 sui
160 3357 305 3432 comitis
323 3355 576 3440 Hanoniensis
595 3355 782 3430 Montibus
811 3359 856 3432 ad
884 3367 1030 3454 patrem
1052 3381 1166 3456 egro·

71 3468 238 3555 tantem,
269 3481 425 3556 corpore
449 3457 581 3546 adhuc
617 3456 768 3550 debilis,
797 3457 987 3555 pervenit,
1014 3469 1166 3532 etcum

72 3571 179 3656 patre
200 3584 343 3632 moram
364 3559 520 3655 faciens,
549 3559 698 3656 plenam
720 3559 766 3631 ibi
787 3559 929 3656 recepit
955 3560 1166 3635 sanitatem.

71 3661 166 3734 Cum
186 3671 311 3732 autem
329 3659 439 3732 eundi
454 3663 498 3730 ad
514 3659 692 3732 auxilium
706 3660 843 3732 domini
864 3659 921 3734 sui
942 3662 1168 3758 regisllrau·

74 3785 218 3856 corum,
246 3761 308 3860 qui
337 3771 464 3832 contra
485 3783 615 3856 regem
634 3761 838 3858 Anglorum
859 3785 1035 3858 guerram
1054 3763 1168 3836 habe-

76 3865 148 3958 bat,
173 3863 256 3960 ipse
282 3885 411 3934 comes
436 3861 607 3934 Flandrie
632 3886 676 3934 se
701 3874 937 3959 prepararet,
962 3866 1070 3935 etad
1097 3865 1169 3936 hoc

10 3983 11 3986 ’
76 3972 224 4060 tempus
250 3963 422 4056 instaret,
450 3973 556 4054 pater
581 3961 662 4034 eins
692 3986 819 4036 comes
844 3963 1095 4035 llancniensis
1122 3967 1168 4038 ‹le

10 4091 12 4164 ᾗ
74 4087 237 4136 assensu
257 4075 293 4137 et
312 4065 553 4138 laudamento.
576 4063 673 4134 illius
698 4067 863 4136 secnmlo
892 4063 1059 4138 filiosuo
1088 4065 1169 4137 Plri-

75 4164 175 4261 lippo
195 4175 333 4237 terram
352 4165 528 4238 Namurci
546 4175 641 4261 'post
660 4163 784 4262 ipsius
802 4168 1005 4237 decessum
1031 4166 1155 4250 haben

10 4291 12 4378 ἑ
84 4289 231 4362 illam'l.
252 4269 312 4346 aun.
335 4291 414 4347 1196.
451 4289 637 4366 escuacol
656 4287 732 4347 Anu,
749 4291 767 4346 l.
788 4310 812 4348 c.
832 4305 861 4364 p.'
879 4291 941 4346 652.
1032 4332 1034 4334 -
1124 4277 1128 4284 ’
