3118 4786
323 395 396 468 160
730 388 1008 466 GISLEBERTI

230 604 310 663 nst.
322 590 530 688 requisivit
557 591 615 664 eui
642 592 843 690 episcopus
869 591 1012 664 nullum
1032 589 1120 662 fecit
1138 587 1327 666 auxilium.
1376 590 1423 662 ln

321 716 457 788 guerra
478 702 604 765 autem
624 715 754 766 comes
773 691 1027 764 Hanoniensis
1054 715 1121 788 pro
1147 702 1249 764 metu
1269 691 1423 762 comitis

321 792 491 865 Flandrie
511 803 548 866 et
566 792 840 906 archiepiscopi
855 791 1090 867 Coloniensis
1110 791 1206 864 lilios
1226 815 1316 864 suos
1334 790 1424 863 Bal·

322 892 497 1004 duinum,
534 893 768 991 Philippum
795 893 999 965 Henricum
1027 916 1093 989 pro
1122 891 1264 964 maiore
1293 901 1330 964 et
1357 915 1422 964 sa·

322 992 427 1065 niore
459 995 576 1066 tutela
610 996 707 1092 apud
740 995 956 1090 Tudunum,
998 993 1165 1090 episcopi
1196 992 1421 1065 Leodiensis

322 1103 501 1187 castrum,
518 1096 681 1166 miserat.
710 1094 846 1192 Sicque
862 1117 996 1190 guerra
1014 1094 1110 1166 inter
1125 1093 1300 1164 comitem
1312 1093 1338 1164 F
1340 1092 1422 1164 lan-

322 1193 400 1266 drie
427 1206 464 1267 et
483 1196 659 1268 comitem
682 1195 965 1266 Hanoniensem
986 1197 1166 1288 durante,
1194 1193 1349 1266 lacobus
1371 1197 1422 1265 de

321 1295 504 1366 Avethnis
532 1319 598 1390 per
624 1298 810 1392 quendam
839 1293 1031 1366 hominem
1060 1304 1097 1366 et
1124 1293 1422 1365 commilitonem

323 1418 449 1490 suum,
463 1395 692 1468 Willelmum
711 1394 854 1468 scilicet
873 1393 1075 1490 agnomine
1094 1393 1249 1490 Pisiere,
1268 1393 1420 1466 domino

323 1495 448 1568 comiti
471 1494 702 1568 Hanoniensi
727 1494 942 1589 insinuavit,
971 1498 1067 1590 quod
1093 1494 1125 1567 si
1150 1493 1283 1590 aliquis
1306 1493 1418 1566 miles

324 1619 410 1668 eum
429 1595 648 1693 proditionis
667 1597 896 1690 redarguere
916 1595 1048 1691 vellet,
1079 1594 1167 1692 quin
1186 1594 1268 1692 ipse
1289 1605 1421 1667 contra

323 1695 499 1770 comitem
514 1696 796 1768 Hanoniensem
817 1695 913 1769 iuste
931 1695 1078 1792 egisset
1091 1705 1130 1768 et
1142 1699 1188 1768 ab
1204 1694 1285 1768 eius
1299 1695 1420 1768 homi·

324 1797 384 1870 nio
408 1796 576 1894 legitime
603 1796 852 1893 recessisset,
877 1797 959 1894 ipse
987 1795 1023 1868 in
1053 1819 1289 1894 quacumque
1316 1795 1421 1868 curia

323 1907 604 1995 provocaretur,
628 1897 773 1970 scilicet
790 1897 891 1970 curia
911 1896 1012 1993 regis
1031 1897 1257 1969 Francorum
1277 1896 1338 1968 vel
1362 1919 1419 1967 re-

323 1998 381 2094 gis
401 1999 622 2094 Anglorum,
640 1997 780 2094 proprii
799 1998 966 2094 corporis
986 1997 1043 2070 sui
1063 1998 1184 2070 duello
1205 2007 1333 2070 contra
1351 1996 1420 2068 mi-

211 2145 214 2155 ,
322 2098 427 2170 litem
445 2098 549 2170 illum
568 2101 762 2197 probaret,
782 2101 878 2195 quod
894 2097 1043 2194 quidem
1063 2098 1189 2171 multis
1203 2097 1419 2171 Hanonien-

324 2199 427 2272 sibus
459 2199 586 2297 probis
620 2197 794 2272 militibus
822 2198 987 2272 duellum
1017 2198 1091 2270 hoc
1121 2199 1262 2272 habere
1288 2209 1420 2270 contra

325 2298 427 2372 illum
454 2300 682 2399 optantibus,
713 2300 873 2372 multum
904 2299 1054 2397 placuit.
1101 2299 1200 2372 Loco
1227 2308 1353 2372 autem
1382 2309 1420 2370 et

322 2410 493 2496 tempore
520 2412 702 2497 oportuno
721 2400 876 2472 lacobus
903 2401 976 2471 hoc
1002 2399 1194 2496 complere
1219 2399 1420 2474 recusavit.

212 2500 278 2556 nov
288 2501 313 2559 ¹
324 2498 425 2570 Guer
427 2523 467 2570 ra
486 2498 547 2570 illa
567 2525 587 2571 a
607 2501 704 2571 festo
725 2499 891 2570 omnium
910 2510 1020 2572 sanet
1021 2524 1127 2572 orum
1146 2524 1267 2596 usque
1283 2502 1420 2574 duode-

211 2575 356 2701 '⁰⁸22
325 2622 461 2671 ormam
468 2598 577 2672 diem
592 2610 679 2672 ante
694 2599 818 2672 natale
828 2599 976 2672 [lomim
992 2601 1147 2673 duravit
1174 2602 1278 2673 Tune
1291 2611 1421 2674 autem
1538 2653 1539 2660 ι

325 2723 394 2797 per
412 2702 594 2811 quosdam
621 2698 846 2774 mediatores
873 2699 971 2772 inter
997 2701 1173 2774 comitem
1191 2701 1363 2774 Flandrie
1382 2711 1421 2772 et

325 2799 503 2874 comitem
528 2800 811 2874 Hanoniensem
842 2811 975 2923 trepge
1009 2825 1192 2875 concesse
1223 2805 1420 2899 usquead

215 2919 245 2972 ι
259 2919 313 2974 52.
324 2909 478 2972 octavas
498 2900 709 2999 epyphanie
728 2903 879 2974 fuerunt
904 2901 1042 2974 'tlirma
1027 2912 1085 2998 te,
1113 2902 1149 2973 in
1169 2902 1302 2998 quibus
1321 2913 1419 2974 treu-

323 2998 381 3096 gis
402 3024 531 3075 comes
549 3002 720 3076 Flandrie
739 3006 873 3076 ducem
887 3003 1164 3076 Lovaniensem
1185 3014 1223 3076 et
1240 3003 1419 3076 Iacobum

324 3102 370 3173 de
389 3102 569 3176 Avethnis
589 3103 724 3201 posuit.
776 3103 948 3176 Firmatis
973 3104 1099 3201 itaque
1130 3103 1301 3218 utrinque
1320 3115 1419 3176 treu-

323 3201 396 3300 gis,
416 3227 543 3277 comes
559 3203 813 3278 Hanoniensis
829 3205 1106 3277 auxiliatoribus
1126 3204 1204 3277 suis
1224 3205 1261 3276 in
1280 3228 1417 3300 guerra

324 3327 579 3400 expensarum
593 3305 700 3377 vadia
715 3305 930 3404 largissime
949 3303 1112 3377 liberans
1133 3316 1168 3377 et
1188 3305 1333 3403 perdita
1351 3328 1418 3377 sua

325 3402 380 3473 eis
407 3405 624 3516 restituam,
650 3405 852 3517 benignam
873 3428 956 3476 cum
986 3406 1192 3499 gratiarum
1211 3405 1417 3478 actionibus

324 3503 524 3575 recedendi
551 3505 604 3574 eis
631 3503 818 3576 concessit
845 3504 1056 3601 licentiam,
1092 3505 1417 3603 stipendiariisque

325 3601 403 3672 suis
423 3603 627 3699 universis,
654 3615 731 3678 tam
751 3603 927 3677 militibus
947 3631 1059 3703 qnam
1079 3607 1294 3719 clientibus,
1317 3605 1418 3703 equi·

323 3700 422 3774 tibus
450 3713 487 3776 et
513 3703 698 3816 peditibus
719 3715 756 3778 et
782 3705 981 3779 balistariis
1002 3706 1160 3780 servicia
1184 3731 1252 3779 sna
1271 3705 1419 3779 honori·

323 3800 394 3876 fice
418 3813 455 3876 et
475 3803 691 3901 gratissime
716 3806 980 3880 remuneravit.
1016 3807 1191 3880 Deinde
1182 3833 1264 3905 ipse
1289 3829 1417 3879 comes

323 3903 577 3978 Hanoniensis
597 3908 642 3979 ad
662 3907 854 3980 dominum
878 3931 1009 4004 regem
1034 3907 1299 3984 Francorum
1290 3933 1327 3979 in
1355 3931 1419 3978 na·

213 4017 317 4075 nam
325 4004 388 4076 tali
412 4005 561 4079 Domini
588 4009 686 4105 apud
713 4008 934 4081 Laudunnm
959 4012 1159 4104 accedens,
1187 4033 1272 4081 cum
1293 4007 1418 4080 multis

323 4106 450 4202 probis
475 4108 652 4182 militibus
678 4109 763 4182 inde
791 4134 876 4182 cum
902 4109 985 4206 ipso
1010 4133 1101 4205 rege
1122 4110 1223 4182 venit
1242 4113 1286 4182 ad
1307 4107 1418 4180 collo-

325 4207 452 4302 quium
482 4214 578 4306 qnod
607 4209 689 4307 ipse
716 4235 781 4282 rex
814 4211 942 4283 habuit
969 4233 1052 4281 oum
1086 4213 1223 4285 comite
1250 4207 1418 4282 Flandrie
