3066 4788
369 429 648 521 canonicor
675 430 995 505 unnomunsu.
1165 389 1228 509 aa

131 657 287 707 censum
306 632 454 704 habeat.
499 630 606 704 Licet
624 632 784 706 ecclesie
804 658 872 731 pro
893 634 1068 708 censibus
1087 636 1177 732 suis7
1197 639 1229 708 si

131 734 190 809 die
218 733 316 805 iusto
344 743 381 805 et
404 732 653 805 determinato
683 733 797 805 soluti
825 735 1083 831 mutuarint,
1114 760 1230 833 supra

131 835 233 932 ipsas
260 857 459 906 mansuras
479 833 620 930 absque
638 833 763 906 villico
784 844 823 906 et
840 836 1002 908 scabinis
1027 862 1152 934 panna
1171 863 1230 910 ac-

131 935 256 1033 cipere
289 958 356 1032 pro
390 958 506 1007 censu
532 945 570 1006 et
595 959 662 1032 pro
695 960 792 1033 pena
818 937 978 1009 duorum
1009 937 1229 1033 solidorum,

130 1035 219 1108 licet
245 1034 398 1108 cuilibet
421 1033 564 1106 homini
592 1059 811 1107 mansuram
838 1061 948 1109 suam
973 1037 1010 1108 in
1039 1037 1229 1110 Montibus

131 1139 219 1208 dare
247 1138 356 1210 beate
373 1136 523 1208 Waldet
524 1135 634 1207 rudi
625 1160 661 1207 m
682 1135 930 1209 elemosinam
943 1141 1090 1310 absque
1115 1138 1228 1212 villici
1252 1213 1255 1218 ,

30 1287 32 1294 ,
130 1226 372 1309 laudamento
410 1246 448 1310 et
483 1235 724 1308 scabinorum
758 1237 1071 1351 testimonio‚1t
1072 1241 1228 1335 aquod

89 1431 92 1437 Ι
130 1337 292 1410 Sanctus
312 1329 552 1410 Germanus
543 1363 579 1408 rn
600 1338 664 1410 illa
683 1362 758 1409 non
784 1338 994 1436 participet.
1047 1338 1229 1412 Similiter

130 1439 245 1511 habet
258 1437 375 1510 Sanct
360 1448 420 1510 tus
436 1438 648 1510 Germanus
668 1464 689 1510 a
708 1440 819 1512 beata
832 1440 1001 1513 Waldeti
1005 1441 1135 1512 ude
1095 1450 1135 1512 ut
1153 1439 1228 1513 cui-

129 1539 221 1610 libet
233 1538 376 1610 bomini
396 1538 509 1611 liceat
494 1549 741 1614 tmansuram
757 1564 866 1612 suam
880 1539 1020 1612 Sancto
1037 1540 1226 1613 Germano

130 1639 166 1711 in
182 1638 431 1712 elemosinam
445 1640 533 1712 dare
548 1641 688 1736 absque
707 1639 820 1714 villici
839 1640 1080 1714 laudamento
1096 1652 1134 1714 et
1148 1665 1228 1714 sca·

130 1739 303 1811 binorum
322 1738 560 1835 testimonio⁷
588 1740 641 1811 ita
666 1742 764 1835 quod
790 1743 901 1813 beata
918 1741 1170 1814 Waldetrudis'
1190 1741 1227 1813 in

12 1821 14 1858 ³
129 1840 195 1912 illa
213 1865 287 1912 non
306 1840 516 1939 participet.
561 1841 733 1926 Quatuor
754 1839 792 1910 in
810 1839 999 1912 Montibus
1018 1851 1106 1912 sunt
1124 1866 1227 1913 man·

130 1965 218 2014 sure
237 1941 366 2036 libere,
395 1940 480 2038 ‘que
500 1940 627 2013 comiti
654 1939 802 2012 talliam
826 1941 885 2014 vel
905 1940 1141 2014 exactionem
1159 1958 1268 2014 seur.
1282 1958 1337 2028 τ’,

130 2041 326 2138 angariam
350 2052 415 2113 aut
435 2041 642 2114 exercitum
662 2066 737 2112 non
756 2043 903 2136 debent,
931 2042 1057 2114 necin
1077 2040 1131 2115 eis
1150 2067 1227 2114 ma-

131 2151 263 2214 nentes
283 2165 350 2236 per
369 2141 537 2214 villicum
557 2151 595 2214 et
613 2141 787 2213 scabinos
806 2141 1054 2237 iusticiantun
1083 2142 1228 2217 scilicet

132 2241 228 2312 situs
247 2242 378 2311 cambe
398 2241 507 2312 beate
520 2240 786 2336 waldetrudis,
807 2252 844 2313 et
862 2241 956 2312 situs
976 2244 1108 2314 cambe
1127 2243 1226 2314 beati

132 2339 324 2435 Germani,
357 2349 394 2413 et
424 2340 496 2412 due
528 2363 706 2412 mansure
733 2341 1012 2413 advocatorum.
1056 2341 1226 2415 Ecclesia

130 2444 239 2514 beate
252 2439 505 2513 Waldetrudis
524 2449 650 2538 potest
668 2440 807 2514 habere
822 2440 973 2538 semper
986 2442 1023 2512 in
1037 2441 1225 2514 Montibus

130 2551 292 2637 quatuor
310 2539 517 2614 servientes
535 2539 687 2638 liber0S,
707 2541 769 2638 qui
784 2541 912 2614 comiti
930 2542 1074 2615 talliam
1090 2544 1151 2616 vel
1165 2569 1225 2617 ex-

131 2641 318 2715 actionem
337 2642 396 2715 vel
416 2642 623 2715 exercitum
642 2666 716 2714 non
736 2643 873 2716 debent
889 2669 959 2716 nec
978 2643 1144 2741 aliquam
1163 2669 1225 2716 an·

130 2742 288 2841 gariam7
308 2767 377 2816 nec
396 2767 463 2841 per
482 2742 647 2816 villicum
666 2753 703 2816 et
721 2743 895 2816 scabinos
914 2745 980 2819 sed
999 2770 1067 2843 per
1084 2744 1226 2842 capitu·

130 2845 208 2916 lum
240 2846 349 2916 beate
367 2843 621 2916 Waldetrudis
653 2854 741 2916 sunt
770 2843 993 2917 iusticiandi.
1047 2844 1226 2919 Omnium

130 2945 304 3017 villarum
324 2968 478 3017 suarum
498 2945 769 3042 predictarum7
789 2954 867 3016 tam
885 2945 1035 3018 illarum
1056 2971 1128 3042 que
1147 2947 1226 3021 fue-

131 3056 217 3117 runt
248 3046 294 3117 de
326 3044 477 3142 proprio
511 3043 647 3115 allodio
681 3046 789 3116 beate
806 3045 1079 3140 waldetrudis,
1113 3072 1225 3143 quarn

132 3146 291 3218 aliarum
311 3169 382 3241 que
403 3169 448 3216 ex
467 3143 674 3216 elemosina
694 3145 740 3214 ad
760 3144 960 3216 ecclesiam
983 3145 1225 3241 devenerunt,

132 3246 215 3344 ipsa
234 3245 395 3320 ecclesia
420 3245 533 3317 habet
550 3242 696 3317 villicos
723 3252 761 3316 et
786 3241 977 3340 scabinos‚
1007 3254 1044 3316 et
1071 3269 1138 3342 pre
1165 3270 1226 3317 co·

131 3348 221 3420 mite
240 3347 358 3445 ipsius
374 3348 507 3418 abbate
522 3355 559 3418 et
574 3345 755 3417 advocato
776 3343 933 3441 aliisque
953 3343 1093 3417 domini
1113 3345 1226 3418 comi·

131 3447 177 3520 tis
197 3446 357 3521 feodatis
385 3445 545 3520 ecclesia
568 3471 720 3520 omnem
744 3446 858 3519 habet
877 3445 1171 3520 dominationem
1190 3457 1228 3520 et

131 3547 211 3621 iura
240 3559 277 3622 et
301 3556 419 3619 totam
452 3546 649 3619 iusticiam.
704 3545 866 3619 Econtra
883 3547 1068 3620 ‘dominus
1096 3572 1225 3622 comes

131 3649 245 3720 habet
262 3647 426 3722 villicum
446 3647 683 3720 Montensem
703 3657 740 3719 et
758 3647 931 3720 scabinos
951 3648 1096 3730 dejure
1115 3651 1226 3720 abba-

131 3749 199 3844 tie,
227 3749 264 3820 in
285 3748 419 3845 quibus
440 3746 560 3820 eciam
578 3746 785 3820 Montensis
805 3748 966 3821 ecclesia
985 3749 1055 3821 sibi
1074 3749 1226 3822 retinuit

133 3847 282 3946 proprie
302 3849 400 3945 quod
418 3846 565 3920 villicus
582 3847 789 3920 Montensis
809 3874 894 3922 cum
914 3849 996 3922 aliis
1014 3848 1147 3922 villicis
1168 3874 1225 3921 ec-

132 3948 248 4023 clesie
261 3949 375 4021 habet
393 3959 430 4020 et
443 3947 659 4020 testimonia
675 3958 713 4022 et
726 3947 862 4022 iudicia
877 3951 1063 4047 proferre3
1083 3949 1225 4021 scabini

132 4059 258 4122 autem
277 4049 494 4122 Montenses
513 4072 598 4119 curn
617 4047 779 4120 scabinis
799 4049 882 4122 aliis
901 4049 1061 4123 ecclesie
1087 4050 1226 4123 habent

132 4161 176 4222 et
187 4149 390 4226 testificare
406 4159 442 4223 et
456 4147 632 4222 iudicare.
671 4148 927 4236 Quorumdam
944 4158 1070 4224 autem
1085 4148 1225 4226 villico·

131 4275 213 4341 rum
236 4248 408 4328 dominus
428 4273 556 4330 comes
574 4261 769 4364 tamquam
788 4253 903 4338 abbas
921 4252 1035 4334 habet
1059 4249 1226 4333 hominio

1500 4113 1503 4122 ·
1488 4037 1501 4062 ⁵
1494 3959 1498 3984 ’·
1483 3531 1519 3932 fhfiffisssaezfQ-ffssssz
1487 2943 1521 3534 ,fflfflkfsszffl..·..-*t{’4.2=4.-2.z......fi*³“¹2
1500 2681 1522 2950 ffzssss'zfssizk
1496 2605 1515 2658 *τί
1509 2575 1512 2584 «
1502 2533 1506 2536 ·
1500 2433 1515 2488 *2⁴
1502 2325 1505 2332 ’
1500 2285 1512 2304 ‘⁵‘
1495 2209 1512 2268 5²⁴³*
1490 2003 1512 2088 '‘5³“
1499 1919 1523 1964 μ’·
1488 1759 1523 1900 ’*ἷς-’ῘἏ
1487 1651 1523 1732 -ζ
1516 1445 1517 1448 „
1493 1405 1500 1416 ‘
