3066 4788
297 391 387 487 aa
701 381 984 495 olsuuuunn
1029 419 1031 425 s

298 588 494 662 meliorem
518 585 759 685 provenirent
777 586 1052 683 prebendarum
1073 584 1393 681 commoditatem,

297 687 507 785 meliusque
527 689 572 760 ad
592 710 681 759 usus
701 685 861 759 ecclesie
881 686 1128 782 salvarentur⁷
1149 695 1186 758 et
1203 711 1271 784 per
1289 685 1393 758 illam

196 841 199 848 .
298 789 445 862 abbatie
473 798 620 886 partem
643 786 804 860 ecclesia
830 788 874 857 ab
901 785 1064 882 hiisque
1084 785 1275 858 adomino
1295 811 1392 884 papa

298 889 434 964 eteius
456 888 592 986 legatis
612 898 650 961 et
667 887 818 960 domino
838 887 1014 960 Remensi
1034 897 1071 961 et
1089 885 1241 958 domino
1262 887 1393 960 Came-

270 1051 272 1056 .
298 991 445 1064 racensi
465 1001 501 1063 et
516 1014 649 1063 eorum
664 986 887 1061 officialibus
902 988 1126 1084 quandoque
1140 987 1395 1084 requiruntur,

298 1117 369 1189 que
384 1091 535 1187 quidem
554 1087 675 1188 giste1
696 1089 754 1162 vel
773 1087 974 1187 porsonia²
988 1087 1193 1184 vulgariter
1207 1087 1393 1183 dicuntur,

299 1195 343 1264 ab
364 1191 498 1266 abbate
517 1214 672 1288 prorsus
690 1189 880 1262 liberetur.
933 1188 1037 1260 Dona
1063 1197 1188 1260 autem
1211 1213 1296 1260 cum
1316 1188 1394 1284 qui-

298 1296 368 1364 bus
400 1317 486 1364 cum
518 1290 681 1389 capitulo
714 1291 829 1371 abbas
864 1287 1065 1387 participat
1099 1300 1187 1361 sunt
1221 1288 1258 1360 in
1294 1289 1392 1361 villis
1425 1379 1428 1382 Ι
1523 1389 1524 1392 ¹

299 1391 536 1489 Quarignon,
564 1389 766 1487 Gamapia,
794 1389 1004 1462 Frameries
1023 1399 1061 1462 et
1078 1388 1169 1462 Kevi
1189 1399 1227 1462 et
1245 1389 1393 1462 Herinis

299 1503 337 1566 et
355 1491 498 1564 Castris
518 1502 556 1565 et
573 1491 645 1562 Hal
664 1501 702 1563 et
719 1489 1065 1563 Draina--Castello
1109 1489 1246 1562 Villam
1265 1500 1392 1563 autem

298 1594 445 1665 Montes
465 1591 535 1664 sibi
553 1591 759 1664 Montensis
780 1588 942 1664 ecclesia
961 1592 1069 1663 beate
1082 1589 1336 1664 Waldetrudis
1355 1590 1392 1662 in

217 1691 219 1694 ’
298 1694 568 1791 proprietatem
587 1691 751 1786 retinuit,
770 1691 821 1763 ita
841 1691 938 1788 quod
960 1692 1004 1764 de
1023 1690 1178 1764 decimis
1197 1691 1257 1764 vel
1276 1691 1393 1764 censi·
1420 1720 1423 1721 f

298 1796 367 1866 bus
384 1794 472 1868 ville
486 1793 600 1866 nichil
615 1794 659 1865 ad
675 1792 864 1864 abbatiam
877 1801 1060 1863 statutum
1078 1790 1158 1862 fuit.
1186 1791 1392 1865 Teloneum

299 1905 337 1966 et
353 1893 499 1992 foragia
519 1893 637 1991 ipsius
656 1892 746 1966 ville
763 1894 808 1964 ad
828 1890 1015 1964 abbatiam
1036 1891 1240 1988 pertinent3
1261 1917 1393 1966 omnes

300 2019 476 2066 mansure
490 1993 609 2090 ipsius
620 1992 708 2065 ville
718 1993 855 2066 debent
864 2015 1019 2063 censum
1031 1994 1139 2065 beate
1148 1992 1393 2086 Waldetrudi,

300 2095 396 2167 unde
425 2093 594 2166 canonici
623 2092 751 2166 Sancti
780 2091 977 2188 Germani‚
1005 2092 1067 2189 qui
1094 2093 1281 2191 capellani
1308 2103 1395 2166 sunt

299 2197 407 2268 beate
424 2193 695 2290 Waldetrudis⁷
723 2192 880 2266 terciam
904 2202 1051 2291 partem
1082 2194 1221 2267 habent
1251 2193 1288 2266 in
1309 2193 1393 2271 illi‘s

299 2295 456 2368 scilicet
478 2294 672 2391 censibuS‚
709 2295 771 2391 qui
807 2293 844 2365 in
875 2319 971 2367 cena
1000 2293 1150 2365 Domini
1186 2295 1391 2368 solvuntur.

299 2393 446 2469 Habent
461 2395 575 2469 etiam
586 2395 756 2467 canonici
771 2393 926 2490 predicti
942 2396 987 2464 ab
1004 2394 1165 2465 ecclesia
1179 2395 1393 2469 beateWal·

299 2495 464 2570 detrudis
480 2495 516 2567 in
532 2505 612 2567 tota
625 2493 823 2590 parrochia
838 2493 1024 2566 Montensi
1040 2493 1204 2567 decimas
1219 2506 1392 2593 segetum

299 2607 337 2670 et
354 2608 561 2694 pratorum
581 2619 713 2666 omnes
734 2592 853 2666 eciam
873 2592 1036 2665 minutas
1051 2594 1216 2668 decimas
1236 2608 1274 2668 et
1293 2597 1394 2669 obla·
1433 2590 1437 2596 ’
1522 2661 1524 2670 .

299 2697 421 2771 tiones
441 2695 626 2768 altarium.
663 2693 799 2766 Comes
818 2693 1070 2766 Hanoniensis
1088 2706 1193 2769 tenet
1211 2700 1256 2768 ab
1276 2697 1395 2770 eccle·
1432 2696 1435 2699 ’

299 2798 354 2870 sia
372 2795 558 2868 Montensi
580 2793 826 2867 situm'oastri
846 2793 903 2866 sui
923 2796 991 2866 sub
1011 2819 1135 2868 annuo
1156 2821 1270 2870 censu
1290 2798 1394 2895 quin·
1483 2843 1487 2853 ·
1523 2821 1524 2864 1

298 2923 370 2994 que
386 2896 592 2972 solidorum
607 2893 644 2965 in
660 2919 754 2968 cena
768 2893 916 2966 Domini
933 2895 1211 2993 solvendorum,
1228 2898 1393 2996 exceptis

298 2996 380 3068 aliis
409 2994 596 3068 mansuris
616 3021 708 3092 quas
735 2995 908 3070 dominus
937 2996 1126 3070 comesin
1147 2999 1280 3071 eadem
1307 2998 1394 3072 villa

297 3099 429 3192 haben
458 3097 555 3170 unde
579 3095 650 3196 ipsi
670 3097 830 3172 ecclesie
850 3121 1004 3171 censum
1025 3099 1134 3172 debet
1150 3099 1188 3171 in
1208 3125 1300 3190 cena
1320 3097 1393 3170 Do-

299 3196 389 3270 mini
408 3197 499 3271 etin
520 3199 635 3271 natali
649 3199 810 3271 Domini.
840 3199 977 3270 Comes
992 3198 1134 3268 nullam
1154 3199 1190 3268 in
1209 3199 1290 3294 ipsa
1305 3199 1392 3270 villa

298 3307 424 3396 potest
446 3299 586 3372 habere
607 3323 825 3370 mansuram
843 3298 903 3368 vel
923 3295 1110 3368 edificium
1130 3295 1280 3391 aliquod
1306 3321 1394 3368 con·

299 3409 444 3472 struere
470 3398 541 3470 nisi
571 3399 615 3470 de
645 3421 832 3470 consensu
859 3393 1019 3468 ecclesie
1046 3406 1083 3466 et
1110 3396 1207 3470 unde
1232 3396 1393 3470 ecclesia

300 3581 324 3648 1)
344 3581 439 3650 gallico
456 3585 536 3651 pisto,
565 3581 605 3634 ius
625 3581 697 3652 quod
717 3579 832 3632 dominis
851 3577 1004 3632 feudalibus
1025 3581 1192 3654 competebat
1212 3580 1239 3633 in
1261 3581 1394 3636 vassallo-

299 3672 356 3707 rum
377 3672 486 3707 soorum
505 3653 631 3724 praediis,
652 3653 697 3724 qui
718 3652 791 3706 statis
812 3669 843 3704 ac
863 3649 994 3705 condictis
1009 3652 1110 3705 vicibus
1127 3669 1173 3706 eos
1195 3655 1319 3708 domibus
1339 3655 1393 3708 suis

299 3726 414 3796 bospitio
439 3735 466 3781 et
491 3727 618 3780 conviviis
644 3727 767 3794 excipere
793 3726 960 3779 tenebantur.
977 3741 980 3752 ·
998 3723 1183 3779 DUCANGE.
1228 3725 1258 3780 V.
1279 3727 1304 3780 in
1326 3726 1394 3798 neg.

298 3799 343 3854 Nr.
362 3799 403 3854 ts.
483 3801 510 3870 2)
530 3799 568 3852 Ce
583 3815 694 3868 passage
714 3807 753 3851 est
773 3799 874 3852 tradoit
894 3799 927 3852 de
949 3799 971 3850 la
993 3799 1111 3853 muniere
1129 3799 1251 3852 suivanto
1271 3802 1392 3854 daosun

299 3873 444 3926 manuscrit
470 3873 505 3924 du
531 3872 656 3926 seizidme
680 3870 776 3925 siecle:
806 3873 874 3941 Myr·
895 3875 919 3926 le
939 3871 1028 3927 Comle
1054 3875 1086 3926 de
1112 3873 1237 3928 Huinattll
1261 3889 1331 3941 pour
1355 3878 1393 3929 les

299 3949 371 4000 breno
391 3944 453 4014 qu'it
470 3949 551 3998 tonott
570 3948 602 3998 de
621 3945 735 4000 tttoau
754 3945 877 3999 Modone
897 3947 929 4000 de
947 3945 1001 3999 Sto.
1025 3945 1155 3999 Woodros
1179 3947 1235 4000 doit
1257 3951 1344 4016 puter,
1362 3953 1395 4000 et

298 4022 416 4088 aequiter
435 4019 515 4071 ludite
533 4017 619 4088 Eptioe
639 4021 672 4072 de
690 4019 745 4072 Sto.
767 4018 895 4073 Woodros
914 4021 947 4071 de
966 4023 1050 4072 tontes
1069 4020 1234 4088 visitatione.
1246 4021 1339 4088 taillac,
1360 4035 1395 4072 ou

298 4095 419 4146 rnattotes
435 4089 531 4160 [uictos
548 4108 600 4161 pur
618 4094 661 4157 tut,
679 4108 730 4160 pur
749 4096 826 4146 notre
839 4092 878 4145 St.
891 4092 956 4145 Pero
976 4095 1000 4146 te
1020 4091 1089 4160 Pope
1108 4107 1142 4144 ou
1160 4107 1204 4146 ser
1218 4090 1393 4160 Cordt'nuuto,

298 4181 332 4218 ou
345 4165 478 4234 benonim
494 4181 546 4233 par
559 4165 627 4234 Myr.
643 4167 675 4220 de
687 4165 782 4233 Raima,
797 4165 867 4232 Myr.
880 4165 912 4218 de
924 4163 1056 4232 Gamerae,
1070 4179 1104 4218 ou
1115 4179 1166 4233 par
1178 4167 1250 4218 leurs
1262 4163 1393 4234 Osfioiers.

299 4235 526 4300 §HASTELEM
565 4235 693 4302 Potsonitt
714 4238 773 4300 ,Siue
793 4237 875 4299 tuoto
895 4246 957 4297 suut
977 4236 1084 4296 servitia
1105 4236 1263 4310 personalia.
1368 4265 1370 4270 ·
