3002 4790
292 379 598 486 ¹ennonucon
625 408 944 506 aanomnnsn.
980 392 982 398 '
1104 414 1178 488 roa
1232 423 1245 519 j

72 613 207 690 monia
223 615 360 688 habeat
378 615 561 712 proferre,
581 624 618 686 et
631 613 806 690 dominus
822 611 1273 688 comesHanonien·1195.

72 715 134 788 sis
153 715 359 789 marchiam
374 716 474 788 illam
486 740 508 788 a
519 714 669 788 domino
684 715 1179 814 imperatoreRomanorum

70 815 169 913 ligie
193 827 331 889 teneat.
373 819 457 914 lpse
480 825 608 890 autem
633 840 764 889 comes
785 816 1024 890 flandrensis
1049 826 1087 888 et
1106 814 1179 888 Ha·

72 917 277 990 noniensis
293 919 459 990 Hemico
489 917 590 990 fratri
619 941 689 990 sno
713 917 813 991 mille
838 917 991 990 libratas
1016 927 1117 989 terre
1142 916 1178 988 in
1250 914 1255 924 '
1370 907 1374 918 ’

69 1019 191 1090 feodo
222 1019 309 1114 ligio
340 1018 458 1115 dedit7
498 1017 703 1116 dequibus
736 1029 937 1096 sexcentas
961 1017 1115 1090 libratas
1141 1015 1179 1090 in

70 1119 252 1192 Flandria
281 1130 318 1192 et
349 1119 643 1217 quadringentas
667 1119 821 1192 libratas
854 1119 890 1190 in
920 1117 1088 1191 Hanonia
1122 1142 1180 1190 as·

12 1239 13 1244 ’
73 1220 276 1317 signavit..
306 1221 448 1294 Deinde
469 1244 602 1294 mense
621 1219 823 1294 Februario
845 1222 889 1293 ad
910 1219 1101 1296 dominum
1118 1217 1180 1292 Al-

71 1322 227 1394 bertum
239 1321 490 1394 Leodiensem
503 1319 722 1419 episcopum
738 1323 835 1419 apud
852 1321 997 1415 Hoyum
1013 1329 1179 1392 castrum

32 1461 37 1472 ·
73 1423 243 1494 accessit
268 1433 306 1494 et
330 1422 363 1496 ei
391 1421 521 1519 ligium
541 1445 608 1520 pro
627 1422 797 1494 Hanonia
818 1442 902 1494 cum
922 1420 1045 1500 debita
1063 1419 1180 1494 fideli·

74 1531 159 1595 tate
186 1520 274 1594 fecit
298 1521 518 1596 hominium.
569 1523 654 1621 lpse
673 1532 798 1616 autem
820 1523 1022 1637 episcopus
1042 1520 1180 1595 ibidem

74 1626 126 1696 ad
154 1623 336 1694 honorem
367 1633 405 1696 et
429 1623 648 1720 petitionem
677 1624 848 1698 eiusdem
874 1622 1037 1719 cornice,
1059 1623 1180 1696 Gode·

73 1723 174 1796 frido
201 1723 370 1816 clerico,
377 1735 508 1798 sancte
536 1721 702 1796 Maria
692 1749 729 1796 m
758 1724 892 1822 Brogis
921 1723 1114 1838 preposito
1142 1731 1179 1794 et
1191 1741 1288 1796 'droa

74 1824 370 1900 Cameracensis
391 1823 553 1898 ecclesie
580 1823 773 1920 canonico,
800 1824 921 1923 ipsius
941 1823 1088 1914 comitis
1107 1825 1179 1896 fra-

71 1925 147 2020 tri
179 1926 246 1998 sed
279 1950 352 1998 non
386 1948 582 2023 germano,
613 1924 801 1998 abbatiam
834 1937 872 1998 et
901 1925 1179 2052 preposituram

11 2047 13 2054 ’
73 2026 321 2100 Maslinensis
342 2025 504 2100 ecclesie
524 2025 690 2098 contulit.

158 2126 300 2200 Deinde
327 2151 460 2203 mense
479 2127 617 2200 Marcio
636 2126 759 2200 Maria
772 2125 984 2224 conmissa,
1009 2126 1233 2200 eiusdemi!
1237 2150 1269 2194 ι.

76 2227 241 2304 comitis
253 2227 493 2300 Flandrensis
523 2238 559 2300 et
584 2226 837 2300 Hanoniensis
866 2250 972 2323 uxor,
999 2251 1083 2300 cum
1102 2228 1180 2299 Ma·

74 2327 194 2402 thilde
233 2328 384 2402 ducissa
426 2319 672 2424 Lovaniensi,
712 2327 863 2400 Henrici
903 2327 1007 2402 ducis
1048 2351 1178 2442 uxore,
1277 2329 1280 2338 '

74 2429 197 2528 ipsius
218 2430 366 2504 comitis
384 2428 638 2503 Hanoniensis
658 2428 896 2542 consobrina,
924 2428 995 2502 iter
1012 2428 1178 2527 peregri·

75 2531 240 2604 nationis
268 2533 311 2603 ad
332 2531 514 2604 Sanctum
533 2528 704 2628 Egidium
734 2529 901 2628 arripuit,
928 2555 1000 2627 que
1026 2531 1178 2604 domine

75 2655 261 2730 prospere
280 2631 501 2718 incedentes
524 2630 744 2729 prosperius
764 2633 809 2703 ad
829 2632 978 2729 propria
999 2655 1177 2728 regressa

77 2739 188 2825 suntJ
224 2732 352 2804 multis
378 2732 572 2805 beneficiis
597 2732 789 2828 largisque
816 2732 1034 2804 elemosinis
1060 2732 1178 2804 multa

75 2856 148 2931 per
165 2832 246 2903 loca
267 2832 438 2904 ecclesiis
459 2841 496 2904 et
514 2833 743 2928 pauperibus
763 2831 918 2905 collatis.
978 2829 992 2841 ”

156 2931 224 3004 Hic
261 2931 379 3004 eciam
418 2955 546 3004 comes
581 2931 822 3006 Flandrensis
855 2943 892 3005 et
922 2931 1176 3006 Hanoniensis
1285 2952 1288 2964 ·

13 3121 14 3124 Ἴ
76 3032 202 3105 omnia
224 3033 449 3130 supradicta,
477 3056 549 3129 que
576 3041 685 3129 pater
711 3032 793 3104 eius
820 3041 857 3103 et
875 3057 969 3103 avus
988 3034 1177 3106 Monteusi

13 3159 14 3166 ¹
79 3133 242 3208 ecclesie
256 3131 585 3230 confirmaverant,
597 3132 741 3206 scilicet
754 3134 800 3204 de
816 3133 1177 3207 concambioBraine

76 3235 289 3332 Withotice5
316 3245 355 3308 et
377 3235 548 3307 libertate
569 3233 862 3332 constagiarum‚
882 3257 953 3331 qne
973 3259 994 3306 a
1014 3256 1178 3307 conven-

13 3357 15 3400 ἱ
75 3336 239 3410 tualibus
255 3335 426 3409 ecclesiis
442 3336 667 3434 quandoque
682 3334 933 3431 requiruntur,
953 3346 991 3408 et
1006 3338 1053 3409 de
1067 3321 1176 3409 liber-

13 3433 17 3514 ζ
77 3447 155 3510 tate
173 3447 359 3510 terrarum
379 3440 425 3509 de
444 3436 536 3510 Keri
556 3447 595 3509 et
612 3437 659 3509 de
679 3435 824 3531 Cumis,
852 3439 952 3509 etde
972 3436 1088 3510 missa
1108 3460 1175 3535 pro

13 3549 14 3554 ’
78 3537 203 3610 anima
231 3539 324 3636 patr
316 3561 347 3612 rs
366 3537 424 3612 sui
445 3548 482 3610 et
501 3537 581 3610 eius
602 3535 873 3632 anniversario,
901 3548 938 3610 et
960 3537 1176 3612 anniversa-

15 3717 17 3724 ,
76 3638 142 3712 riis
162 3639 222 3710 avi
241 3639 299 3712 sui
319 3649 355 3712 et
374 3637 469 3736 avie,
489 3649 526 3711 et
540 3642 586 3711 de
600 3641 746 3712 duobus
762 3638 896 3712 modiis
911 3638 1089 3719 frumenti
1107 3664 1175 3738 pro

14 3807 15 3812 ,
80 3765 196 3814 censu
216 3739 434 3835 molendini,
462 3749 499 3812 et
518 3742 564 3813 dc
583 3739 793 3812 elemosina
811 3740 1021 3816 Montensis
1041 3739 1176 3812 castel·

76 3841 152 3920 lani
170 3840 339 3916 Baiduini
368 3840 518 3939 scriptis
537 3850 577 3913 et
595 3840 717 3938 sigilio
738 3865 806 3913 suo
826 3840 1025 3940 diligenter
1043 3839 1176 3914 confir·

81 3943 353 4016 mavit·

202 4103 491 4184 EXPLICIT
520 4107 726 4183 CRONICA
750 4106 971 4181 ΗΑΝΟΝΙΕ.

385 4307 874 4342 ⁶⁸*-
