3066 4788
313 436 375 544 st„
716 431 998 506 orsususurr

17 705 19 714 .
62 697 64 704 .
314 641 354 708 et
369 633 572 734 gentilibus
586 633 752 733 expulsis
766 643 888 708 totam
901 637 1033 710 urbem
1046 633 1251 727 mundavit,
1270 644 1409 710 etesnr
1522 691 1523 694 ,

19 783 22 790 ·
220 755 235 802 ὁ
314 755 401 808 oum
419 733 510 810 liliis
521 733 602 809 suis
615 735 795 849 possedit,
815 736 934 811 donoc
948 735 1109 835 posteris
1124 736 1208 810 eius
1224 737 1270 809 de
1288 759 1409 836 regno

36 835 38 842 ’
141 857 143 864 ’
288 845 353 911 et
376 836 587 912 sacerdotio
616 847 713 912 mter
739 861 781 910 se
807 835 1059 936 litigantibus,
1095 836 1195 910 siem
1223 837 1411 934 losepbus

29 1019 54 1028 ff
313 937 454 1035 refert,
487 937 533 1010 ab
558 937 679 1012 altero
707 961 841 1012 eorum
872 947 1029 1038 rogatus
1060 937 1263 1037 Pompeius
1292 937 1409 1012 Cesar

26 1019 71 1092 ‘l'
106 1041 109 1058 ¹
223 1061 224 1064 ’
291 1112 295 1120 ,
312 1037 547 1113 iherusalem
574 1039 694 1140 venit,
720 1049 884 1137 tuusque
903 1038 1066 1138 primurn
1085 1039 1318 1114 lberusslem
1337 1037 1410 1111 tto-

28 1169 29 1178 *
55 1157 57 1164 ’
86 1145 89 1152 “
313 1139 437 1213 marris
451 1139 600 1214 subdita
613 1139 694 1236 luit,
712 1147 753 1214 ot
769 1163 843 1213 uno
859 1141 1016 1239 depulso
1031 1139 1282 1238 principetum
1301 1138 1412 1212 alteri

312 1239 426 1316 teuit.
458 1241 515 1314 Ad
529 1265 641 1338 quam
657 1239 777 1314 eciam
792 1243 923 1315 urbem
938 1240 1087 1314 Cesaris
1106 1265 1293 1314 ooncessu
1308 1239 1411 1314 uenit
1523 1257 1524 1260 ’

313 1341 496 1440 Herodes,
516 1341 553 1414 in
572 1341 680 1415 cuius
698 1351 870 1440 ternpore
888 1352 999 1415 natus
1018 1351 1077 1416 est
1090 1341 1273 1436 Christus,
1292 1341 1355 1439 qui
1373 1351 1412 1415 et

316 1441 602 1517 conversatione
628 1466 697 1516 sua
722 1453 763 1516 ot
783 1442 979 1516 miraculis
1001 1465 1145 1540 suaque
1169 1444 1346 1541 passione
1373 1451 1411 1516 et
1523 1447 1525 1542 ,

201 1571 237 1629 *t
251 1572 303 1626 tt‘.
315 1543 518 1643 sepulchro
536 1543 606 1617 'sic
623 1568 710 1618 eam
726 1543 962 1642 glorificavit,
990 1553 1033 1616 ut
1049 1544 1224 1617 Mothous
1241 1565 1411 1641 owange-
1522 1547 1525 1622 ὲ

313 1643 403 1718 lista·
419 1669 505 1719 earn
523 1669 599 1718 nou
617 1644 759 1718 dubitet
777 1644 972 1720 nominare
995 1643 1411 1718 Sanctam-eivitatem,
1524 1659 1525 1730 ξ

314 1745 404 1819 Post
421 1745 640 1846 passionem
659 1771 746 1821 vero
766 1741 918 1820 Domini
930 1743 1184 1846 Vaspasianus
1212 1769 1301 1818 cnm
1316 1745 1412 1840 Tyto

314 1845 392 1920 lilio
421 1871 490 1920 suo
518 1871 603 1921 eam
631 1847 686 1920 sic
713 1847 913 1944 destruxit,
950 1857 1007 1944 ut,
1036 1846 1135 1919 sicut
1157 1845 1342 1919 Dominus
1373 1845 1413 1918 in
1469 1859 1473 1870 ’
1524 1861 1525 1864 ’

224 1951 304 2066 ¹2¹3
315 1947 521 2047 ewangelio
548 1941 784 2046 predixerit:
818 1947 1147 2044 non'relinpuetur
1177 1949 1215 2020 in
1242 1971 1286 2020 ea
1316 1946 1413 2040 lapis

298 2048 423 2143 ‘super
441 2047 616 2144 lapident,
640 2047 692 2124 ita
716 2047 946 2122 factumest.
982 2047 1113 2122 Helius
1140 2059 1268 2121 autem
1295 2047 1412 2146 impe·-
1524 2059 1526 2086 ³

313 2159 419 2222 rator
432 2147 583 2248 gentilis
598 2172 728 2222 rursus
743 2172 828 2222 eam
844 2147 1041 2246 edificavit,
1061 2159 1159 2223 etex
1173 2151 1325 2223 nomine
1340 2172 1410 2222 sno

315 2249 464 2324 Heliam
501 2273 586 2324 eam
621 2249 835 2349 appellavit.
890 2249 984 2322 Cum
1016 2273 1105 2324 vero
1143 2249 1412 2323 Constantinus

313 2361 500 2450 augus-tus
519 2377 588 2449 per
606 2362 780 2424 sanctum
794 2350 1017 2425 Silvestrum
1036 2350 1248 2450 baptizatus
1265 2350 1412 2448 fuisset,
1525 2379 1527 2402 ι

316 2461 438 2525 mater
452 2451 571 2549 ipsius
586 2453 729 2525 Helena
746 2462 907 2550 augusta
921 2475 1073 2524 erucem
1087 2451 1239 2524 Domini
1258 2451 1415 2551 diligen·
1524 2443 1527 2522 l

316 2561 376 2626 ter
395 2550 581 2649 quesitam
599 2551 637 2623 in
657 2577 702 2625 ea
719 2551 877 2648 invenit,
897 2562 935 2624 et
951 2576 1019 2650 per
1036 2551 1203 2626 medium
1222 2578 1307 2626 eam
1324 2552 1415 2627 lecit
1525 2569 1527 2658 j

263 2660 269 2674 “
314 2651 450 2749 secari,
469 2662 692 2751 partemque
707 2677 820 2724 unam
835 2651 885 2725 ibi
899 2653 1128 2751 relinquenS,
1144 2655 1304 2728 alteram
1319 2654 1414 2727 Con·
1525 2675 1527 2746 ;

317 2752 602 2852 stautinopolim
634 2753 785 2851 detulit,
814 2779 885 2851 que
917 2753 1020 2852 prius
1043 2753 1253 2828 Bisantium
1279 2765 1415 2830 vocata

316 2865 410 2952 erat
430 2855 495 2928 sed
514 2865 603 2927 tunc
622 2878 643 2925 a
659 2854 903 2927 Constantino
924 2855 1060 2929 celsius
1080 2866 1118 2929 et
1130 2857 1297 2955 regalius
1312 2855 1415 2928 edili·
1525 2859 1527 2906 ³

315 2965 420 3053 eata,
443 2965 481 3030 et
500 2953 580 3028 eius
599 2951 751 3028 nomine
771 2955 1116 3056 Constantinopolis
1135 2958 1325 3056 appellata
1343 2966 1412 3028 est.
1525 2953 1527 3038 ἶ

317 3057 407 3130 Post
433 3057 573 3128 multos
601 3079 720 3129 annos
748 3056 916 3132 Cosdroe
944 3057 1115 3155 gentilis,
1147 3057 1307 3132 Persidis
1334 3080 1413 3153 rex,

317 3159 551 3233 lherusalem
580 3158 699 3259 cepit,
731 3159 972 3234 medietatem
1001 3160 1122 3233 erucis
1149 3160 1334 3232 dominice
1362 3157 1415 3230 in·

317 3270 470 3334 ventam
484 3260 521 3332 in
536 3260 725 3333 Persidem
742 3261 886 3356 detulit,
905 3271 944 3334 et
962 3260 1101 3333 samen
1120 3259 1207 3328 lano
1225 3260 1324 3354 quod
1344 3257 1416 3330 sibi

320 3360 560 3434 edificaverat
585 3360 730 3456 posuit,
757 3359 911 3457 filioque.
931 3382 999 3431 suo
1019 3381 1179 3454 regnum
1205 3358 1357 3430 tradens
1377 3359 1417 3432 in
1526 3385 1527 3400 ³

318 3459 489 3533 eiusdem
520 3458 597 3530 lani
628 3458 787 3551 throno,
825 3457 1022 3557 gentilium
1052 3457 1219 3532 exercitu
1254 3483 1417 3555 regnum

320 3559 610 3632 christianorum
633 3557 779 3631 invasit.
832 3557 906 3632 Sed
926 3558 1088 3632 occurrit
1105 3558 1140 3634 ei
1159 3559 1328 3648 Eraclius
1347 3561 1417 3634 irn-

319 3669 472 3759 perator
491 3658 927 3757 Constantinopolitanus
957 3659 1181 3734 christianus
1207 3687 1292 3736 curn
1320 3662 1417 3735 chri-

320 3760 444 3834 stiana
471 3760 719 3859 expeditione,
747 3785 909 3859 eumque
935 3761 973 3834 in
1000 3761 1164 3835 lluminis
1188 3774 1302 3862 ponte
1321 3774 1416 3836 nutu
1442 3753 1446 3764 ’

322 3861 444 3936 divino
470 3861 559 3936 vicit
584 3871 621 3934 et
647 3862 867 3958 decollavit,
895 3862 1023 3962 sicque
1049 3875 1202 3961 terram,
1231 3890 1344 3962 quam
1369 3867 1416 3938 de

322 3989 440 4063 regno
460 3974 566 4062 pater
583 3963 684 4035 illius
699 3967 947 4062 subtraxerat,
966 3990 1033 4064 per
1044 3965 1241 4046 victoriam
1261 3965 1415 4066 recepit.

320 4065 540 4165 Subiugatis
559 4065 677 4164 igitur
691 4064 760 4136 sibi
779 4066 992 4165 gentilibus,
1021 4091 1107 4140 curn
1126 4067 1328 4141 christiana
1347 4067 1416 4139 mi·

320 4166 407 4239 licia
421 4165 458 4238 in
476 4165 663 4240 Persidem
678 4165 779 4263 abiit,
799 4178 836 4242 et
855 4191 973 4267 usque
988 4169 1033 4240 ad
1049 4168 1178 4240 lanum
1193 4168 1229 4240 in
1246 4193 1317 4266 quo
1333 4193 1418 4266 per-

322 4267 419 4340 fidus
437 4267 603 4343 Cosdroe
621 4271 840 4343 morabatur
857 4268 1037 4367 pervenit,
1057 4270 1253 4344 sedentem
1272 4295 1358 4345 eum
1377 4270 1417 4343 in
