3118 4786
303 393 405 505 sss
585 469 588 476 ,
709 387 995 467 οιεωωκτι
1081 451 1100 460 ,.

211 590 555 672 trosttanoniomis
574 592 611 668 io
630 590 839 664 hominium
856 601 897 664 et
913 588 1261 664 confederationem
1288 593 1412 665 comi·

299 687 760 788 stertandrensis‚oa1va
787 690 1094 766 confederatione
1120 690 1261 764 domini
1287 691 1410 794 regis,

301 794 430 890 rediit3
456 795 621 868 lacobus·
641 793 680 868 in
707 793 917 868 hominium
941 791 1076 889 digium
1103 792 1252 866 comitis
1280 795 1409 869 Hono-

301 895 447 970 niensis
465 917 646 970 reversus
664 905 735 968 est.
778 895 937 968 lacobus
964 897 1011 966 de
1028 894 1211 967 Arethnis
1230 915 1407 971 summus

301 995 451 1072 comitis
476 996 647 1070 Flandrie
673 994 910 1070 consiiiarius
933 1019 1000 1093 pro
1028 995 1099 1067 hae
1118 1019 1213 1093 pace
1232 997 1408 1072 faciende

302 1101 403 1174 etad
424 1107 478 1170 tot
497 1107 621 1170 cestra
639 1097 791 1172 domino
810 1096 892 1194 regi
910 1098 1033 1168 danda
1051 1095 1238 1194 premium
1258 1100 1405 1176 occulte

302 1197 533 1299 promissum
553 1197 697 1272 scilicet
714 1201 786 1274 100
799 1198 954 1272 libratas
968 1207 1068 1269 terre
1082 1196 1118 1268 in
1135 1197 1243 1270 feodo
1259 1203 1305 1274 ab
1321 1201 1405 1299 ipso

302 1300 455 1374 domino
475 1322 566 1396 rege
593 1301 733 1372 habere
760 1298 903 1394 debuit3
931 1300 1028 1395 quod
1047 1298 1197 1396 quidem
1218 1305 1407 1398 usquead

304 1401 547 1476 donationem
578 1400 677 1472 feodi
708 1399 809 1474 iltius
840 1400 971 1497 paucis
1004 1410 1133 1473 notum
1165 1400 1245 1474 fuit.
1301 1402 1406 1489 Quas

304 1501 457 1599 quidem
480 1503 552 1574 100
569 1500 723 1574 libratas
752 1511 852 1572 terre
877 1500 1052 1574 dominus
1079 1525 1145 1572 rex
1172 1512 1306 1599 postea
1334 1503 1408 1602 ipsi
1457 1569 1460 1576 .

304 1605 440 1680 Iacobo
468 1604 566 1700 opud
585 1601 830 1700 ‘Crispiaenm
855 1601 892 1674 in
919 1601 1159 1696 Leudunesio
1186 1603 1407 1701 assignavit.

304 1706 360 1779 De
379 1727 474 1802 pace
493 1702 555 1776 itta
575 1713 613 1776 et
631 1703 767 1776 Tubisa
788 1703 871 1776 duci
890 1702 1117 1776 Loveniensi
1137 1713 1174 1775 et
1191 1706 1410 1779 Wasnacha

305 1804 432 1880 comiti
452 1804 684 1878 Hanoniensi
703 1804 874 1877 restituta
895 1804 974 1877 fuit.
1015 1805 1055 1876 ln
1076 1805 1261 1902 colloquio
1280 1819 1409 1880 autem

305 1907 411 2006 pacis
437 1906 535 1978 facte
561 1907 747 1978 Robertus
774 1910 819 1979 de
842 1905 966 2000 Bone⁷
996 1905 1051 1976 vir
1069 1905 1203 1979 nobilis
1224 1917 1261 1980 et
1280 1908 1410 2005 magni

307 2005 489 2100 nominis,
521 2007 582 2102 qui
614 2007 652 2078 in
684 2005 812 2078 multis
840 2005 1058 2102 regionibus
1086 2007 1204 2080 multe
1231 2020 1409 2106 gesserat

308 2106 510 2200 mirabilia,
540 2109 637 2179 unde
665 2107 788 2180 adhuc
815 2110 977 2206 quedam
1008 2106 1147 2204 scripta
1175 2120 1282 2204 sunt,
1310 2110 1408 2184 tacto

307 2234 406 2284 novo
434 2206 601 2280 hominio
629 2207 780 2282 domino
808 2208 909 2305 regi⁷
945 2207 1072 2282 comiti
1097 2209 1269 2283 Flondrie
1296 2235 1410 2309 quem

307 2315 439 2385 oderat
457 2309 493 2382 in
514 2309 754 2407 obprobrium
773 2310 880 2384 dixit:
907 2311 1058 2382 Docimo
1075 2333 1211 2406 comes,
1237 2312 1410 2386 hactenus

306 2416 414 2486 tomo
445 2413 653 2503 somerset,
687 2435 781 2482 nuno
812 2417 931 2482 ortem
950 2412 1035 2483 ¹Deo
1061 2411 1196 2484 volente
1219 2437 1288 2506 pro
1313 2415 1411 2487 uobis

307 2515 429 2598 foetus
452 2533 532 2584 sum
559 2517 594 2582 et
619 2510 799 2587 vobiscum
825 2514 861 2581 in
885 2513 988 2584 curin
1016 2511 1151 2584 domini
1177 2517 1271 2609 repis
1295 2514 1410 2588 hoico

309 2613 480 2686 iudicare.
1139 2672 1142 2676 .
1242 2671 1244 2676 ,

308 2753 318 2771 ιι
383 2713 526 2786 Eodem
554 2734 653 2782 anno
683 2733 813 2784 comes
840 2710 1095 2786 Hanoniensis
1123 2737 1271 2786 murum
1296 2717 1411 2790 castri

309 2811 518 2892 Montensis
540 2811 695 2884 exaltari
715 2822 753 2884 et
767 2813 1061 2910 propugnaculis
1077 2815 1200 2888 ornari
1216 2816 1317 2910 fecit,
1335 2827 1412 2907 tnr-

310 2913 379 2985 rim
401 2911 610 3007 renovavit,
638 2913 823 2986 fossatum
845 2939 1038 3010 magnum,
1061 2915 1193 2988 multis
1215 2918 1410 3014 prostratis

188 3027 191 3030 ’
309 3014 497 3110 domibus,
516 3017 561 3086 ad
580 3013 777 3088 tuitionem
794 3015 976 3088 maiorem
993 3017 1110 3114 ipsius
1125 3017 1211 3090 ville
1228 3029 1265 3092 et
1277 3019 1411 3117 patrie,

309 3118 407 3190 sicut
425 3116 515 3190 olim
534 3141 555 3188 a
575 3115 702 3190 multis
721 3117 830 3190 annis
850 3118 991 3212 fuerat⁷
1018 3116 1099 3190 fieri
1118 3117 1215 3192 feeit.
1264 3121 1410 3192 Murum

309 3218 603 3292 Bineiirenovari
628 3229 664 3290 et
693 3217 847 3291 exaltari
873 3218 970 3290 fecit.
1020 3217 1166 3292 Turrim
1199 3223 1244 3293 de
1275 3221 1412 3295 Braine

310 3319 510 3392 Wilhotica
544 3319 698 3392 exaltari
732 3329 769 3390 et
800 3319 996 3414 superiore
1027 3320 1217 3394 testudine
1245 3324 1410 3396 construi
1538 3341 1539 3398 t

310 3420 408 3492 fecit.
445 3419 592 3492 Turrim
611 3421 657 3491 de
676 3418 865 3490 Bolseno1
885 3418 1042 3493 exaltari
1062 3431 1099 3494 et
1116 3423 1304 3496 testudine
1324 3447 1410 3495 eon·
1538 3417 1539 3420 ¹

210 3563 212 3572 ·
312 3519 406 3592 strui
430 3519 530 3612 feeit
559 3528 597 3592 et
616 3541 743 3592 muros
763 3517 883 3616 ipsius
902 3519 988 3591 ville
1008 3523 1214 3596 renovavit.
1263 3524 1410 3597 Turrim

311 3623 357 3692 de
369 3620 497 3692 Remis
508 3618 530 3666 2'
542 3619 697 3692 exaltari
712 3629 751 3692 et
765 3620 961 3718 superiore
974 3623 1163 3698 testudine
1178 3626 1302 3698 ornari
1313 3626 1410 3699 fecit.

310 3721 511 3794 Fossatum
542 3719 750 3794 maximum
776 3721 1001 3796 valencenis
1035 3734 1072 3797 et
1098 3736 1188 3798 tuno
1213 3737 1249 3800 et
1277 3737 1411 3825 postea

312 3821 479 3896 construi
513 3821 612 3895 fecit.
667 3823 985 3898 Bellummontem
1018 3849 1124 3898 muro
1157 3827 1411 3902 circumdedit.

310 3925 385 4002 Am
405 3948 553 3999 murum
574 3923 800 3998 exteriorem
821 3927 921 3999 circa
937 3927 1173 4002 mansionem
1190 3952 1299 4002 suem
1316 3929 1412 4002 fecit

311 4026 394 4102 Heo·
418 4025 519 4100 enim
543 4025 627 4124 ipse
653 4027 1073 4125 comesHenoniensis,
1101 4028 1157 4101 vir
1183 4032 1349 4127 prudens
1376 4041 1414 4103 et

282 4197 284 4202 .
311 4127 521 4224 animosus,
548 4136 678 4202 contra
698 4128 885 4202 versutias
905 4151 1229 4230 quorumcumque
1248 4132 1412 4206 hostium
1538 4159 1539 4194 t

313 4249 510 4337 1)'Bouchain.
585 4255 612 4324 2)
633 4253 766 4312 Raismes.
