3002 4790
331 401 406 483 290
556 425 559 432 ·
739 399 1016 476 GlSLllBERTl
1109 410 1112 419 ’

241 609 441 704 maringo
460 606 506 678 de
524 604 673 700 Annuit,
697 602 895 678 Sauardus
915 603 961 676 de
981 599 1130 690 Madia,
1158 597 1384 672 Balduinus
1407 599 1456 670 de

333 706 572 801 valencenis,
586 700 1453 799 symondonellooi0,wiltelmusdertusen,

334 805 545 882 Gossuinus
561 809 607 880 de
625 805 791 901 Waurin,
809 803 1014 877 Balduinus
1030 804 1074 876 de
1088 800 1330 874 Nova-Villa
1372 800 1454 872 Hos

335 931 469 982 ornnes
485 907 701 999 sepedictus
721 929 852 980 comes
870 905 908 978 in
928 904 1035 980 donis
1051 925 1234 1001 equorum
1254 911 1297 972 et
1316 923 1453 972 armo·

336 1033 420 1082 rum
441 1032 486 1081 ac
507 1007 669 1082 vestium
691 1018 727 1080 et
755 1007 973 1084 muneribus
1002 1002 1149 1102 argenti
1170 1001 1391 1076 honoravit
1420 1011 1452 1072 et

339 1111 581 1209 quamplures
615 1133 745 1182 eorum
782 1107 985 1181 maioribus
1022 1103 1214 1182 beneficiis
1250 1102 1452 1201 impensis

338 1210 476 1284 ditavit.

414 1285 636 1409 Fepediotus
656 1333 785 1382 comes
806 1306 1071 1404 namurensis,
1091 1305 1258 1380 marchio
1278 1305 1451 1378 Namur-

341 1413 486 1506 censis,
512 1411 654 1509 primus
678 1410 847 1500 Balduini
875 1409 1020 1483 comitis
1049 1418 1087 1482 et
1104 1407 1218 1480 Alidis
1243 1405 1453 1480 comitisse

340 1511 452 1606 filius⁷
476 1513 654 1609 princeps
672 1511 986 1609 prudentissimus
1006 1534 1051 1583 ac
1069 1507 1369 1607 potentissimus
1394 1511 1452 1580 bo-

228 1627 329 1682 'rior
343 1637 488 1710 nosque
508 1612 732 1685 iusticiarius
753 1622 790 1684 et
808 1616 853 1686 ab
873 1607 1086 1686 hominibus
1114 1609 1205 1683 'suis
1224 1619 1306 1680 tam
1329 1609 1451 1680 maio·
1474 1707 1475 1710 Ἴ

340 1715 443 1788 ribus
462 1739 575 1811 quam
603 1714 807 1787 minoribus
836 1712 1107 1801 amatissimum
1137 1710 1306 1808 quicum
1328 1735 1449 1782 anno·

341 1839 426 1888 rum
446 1825 550 1888 esset
568 1817 629 1908 21,
648 1815 823 1890 defuncto
847 1825 953 1911 patre
980 1839 1061 1908 suo,
1086 1814 1132 1885 ad
1152 1809 1368 1883 dominium
1393 1835 1447 1882 oo·

342 1915 496 1992 mitatus
524 1915 777 1988 Hanoniensis
805 1924 1050 2013 pervenerat,
1082 1922 1119 1986 et
1144 1912 1232 1985 illud
1261 1911 1382 1984 annis
1404 1914 1447 1986 24

345 2027 382 2088 et
401 2041 468 2090 sex
487 2016 705 2089 ebdomadis
723 2016 879 2088 viriliter
893 2040 936 2088 ac
951 2024 1125 2113 potenter
1139 2021 1330 2109 tenuerat,
1352 2025 1395 2084 et
1413 2013 1445 2084 in

342 2117 435 2215 ipsis
454 2117 563 2189 aunis
583 2141 650 2214 per
669 2122 690 2190 7
710 2141 829 2190 annos
849 2116 1056 2190 marchiam
1076 2115 1386 2190 Namurcensem
1414 2123 1446 2186 et
1474 2123 1475 2150 ³

343 2243 414 2316 per
430 2229 508 2292 tres
530 2241 649 2290 annos
670 2217 885 2292 comitatum
904 2219 1173 2296 Flandrensem
1194 2218 1444 2312 possederam
1474 2249 1475 2254 ¹

344 2321 407 2417 qui
435 2320 555 2394 eciam
577 2315 704 2392 comes
724 2319 845 2392 lacobi
865 2322 911 2416 de
928 2315 1130 2411 Avethnis‚
1155 2316 1221 2388 viri
1242 2315 1382 2408 nobilis
1404 2339 1444 2388 ao
1474 2359 1475 2366 κ

343 2420 538 2518 prudentis
567 2432 605 2492 et
637 2423 837 2493 admodum
874 2419 1038 2516 potentis
1076 2416 1278 2514 militisque
1298 2418 1443 2512 probis·
1474 2415 1475 2486 l

347 2520 445 2615 simi,
464 2521 532 2593 sibi
551 2521 767 2593 rebellantis
783 2519 1258 2616 superbiamrepresserat‚
1279 2519 1442 2591 etLudo·

345 2619 418 2692 vici
436 2608 538 2717 regis
554 2621 779 2710 Francorum
796 2620 896 2692 vires
911 2619 948 2690 in
968 2619 1107 2692 malurn
1126 2617 1244 2718 ipsius
1260 2621 1388 2693 laoobi
1409 2630 1443 2692 et
1474 2599 1475 2650 l

344 2719 515 2796 Rainaldi
529 2721 720 2799 deRosoit
739 2731 775 2794 et
791 2720 940 2794 comitis
956 2720 1132 2795 Retensis
1142 2731 1298 2818 paratas
1319 2745 1440 2794 remo-

344 2833 464 2918 verat,
493 2832 530 2894 et
553 2823 679 2895 comiti
702 2821 872 2895 Flandrie
893 2832 931 2894 et
950 2821 1185 2900 Viromandis
1204 2822 1377 2920 Philippo
1398 2848 1440 2894 er

346 2931 476 2995 mutua
506 2922 810 2998 confederatione
840 2933 968 2996 contra
997 2923 1173 2998 Iacobum
1207 2924 1439 3021 sepedictum

347 3033 385 3096 et
408 3034 537 3097 contra
557 3025 793 3123 Radulphum
819 3026 865 3097 de
884 3025 972 3099 Coci
991 3035 1032 3097 et
1047 3033 1175 3096 contra
1196 3047 1306 3098 suum
1326 3049 1438 3121 gene-

344 3149 428 3198 rum
448 3125 657 3223 Philippum
685 3149 815 3222 regem
836 3125 1064 3198 Francorum
1092 3125 1209 3198 multa
1240 3135 1276 3198 et
1300 3147 1438 3221 magna
1470 3157 1475 3232 p

343 3227 489 3300 fecerat
507 3227 654 3320 auxilia‚
669 3237 718 3298 et
736 3237 843 3324 rupto
862 3226 991 3298 federe
1010 3224 1250 3324 interipsum
1272 3236 1308 3298 et
1328 3227 1437 3299 comi·
1473 3241 1475 3320 l

345 3338 423 3400 tem
442 3326 710 3400 Flandrensem
741 3337 777 3400 et
795 3327 1148 3422 Viromandensem⁷
1173 3326 1255 3424 regi
1282 3327 1436 3400 Franco·
1473 3327 1475 3376 f

344 3452 427 3499 rum
444 3439 571 3500 contra
588 3429 763 3500 eumdem
781 3428 958 3500 comitem
972 3437 1010 3500 et
1025 3437 1293 3524 contraregem
1303 3427 1446 3526 Anglo·
1474 3429 1475 3490 ἶ

345 3551 428 3599 rum
451 3530 593 3624 grande
620 3528 755 3602 tulerat
778 3529 974 3625 auxilium3
1002 3529 1063 3626 qui
1092 3527 1211 3602 eciam
1238 3540 1373 3602 terram
1400 3541 1435 3602 et

251 3651 252 3655 ’
346 3637 470 3700 castra
500 3653 565 3700 sua
594 3639 721 3702 contra
749 3630 872 3726 ipsum
902 3630 1078 3703 comitem
1106 3629 1371 3704 Fland'rensem
1401 3642 1435 3703 et

345 3739 472 3801 contra
493 3729 820 3828 archiepiscopum
837 3731 1102 3806 Coloniensem
1122 3741 1159 3804 et
1174 3725 1307 3805 ducem
1321 3733 1434 3804 Loua-

343 3831 517 3904 niensem
549 3830 702 3904 viriliter
738 3856 782 3904 ac
817 3823 1244 3931 prudenter-tenuerat7
1282 3843 1318 3905 et
1350 3843 1432 3931 post
1474 3925 1475 3928 Ἴ

342 3933 460 4004 multa
482 3957 554 4030 que
574 3933 757 4004 avunculo
778 3959 846 4006 suo
867 3933 1027 4006 Henrioo
1048 3933 1171 4006 comiti
1191 3934 1429 4008 Namurcensi
1474 3953 1475 3956 ’

344 4043 382 4106 et
399 4033 676 4106 Lusoeleborch
697 4044 823 4106 contra
844 4035 975 4107 hostes
995 4034 1132 4108 tulerat
1150 4034 1299 4131 auxilia,
1328 4046 1432 4132 rupto
1474 4103 1475 4132 ἶ

340 4133 520 4206 intereos
536 4134 744 4208 dilectionis
760 4145 797 4208 et
813 4135 1032 4209 conditionis
1053 4136 1194 4231 ledere,
1214 4146 1335 4209 castra
1352 4137 1427 4208 eius
1473 4163 1475 4226 τ

341 4232 378 4305 in
407 4234 504 4306 illius
532 4235 677 4308 comitis
708 4247 745 4307 et
764 4235 910 4324 comitis
931 4237 1208 4334 Campanensis,
1230 4229 1427 4333 gravamen

342 4344 379 4406 et
398 4335 677 4434 detrimentum,
698 4347 735 4409 et
753 4336 891 4409 domini
912 4337 1013 4434 regis
1031 4339 1259 4411 Francorum
1281 4348 1316 4411 et
1332 4336 1426 4434 regis
