3118 4786
275 410 384 490 ,32
553 477 557 486 .
713 403 997 482 ursmarum

221 605 556 690 llsa.Lovaniensis
581 629 623 680 se
647 629 732 679 esse
760 606 985 679 advocatum
1009 605 1164 701 asserit,
1191 605 1412 682 firmitatem

218 779 221 785 .
310 706 393 782 lieri
412 708 717 780 contradixerunt
735 716 773 779 et
790 729 902 780 suum
917 716 1073 780 econtra
1086 704 1305 784 exercitum
1309 729 1413 780 com-

311 818 519 882 moverunt.
553 805 738 880 Dominus
758 817 885 880 autem
905 830 1034 882 comes
1052 830 1168 904 super
1181 807 1255 880 boc
1270 805 1412 878 domini

312 908 459 981 comitis
487 906 661 980 Flandrie
688 906 847 1020 Philippi
879 905 1077 1002 auxilium,
1107 917 1304 1003 tamquam
1322 929 1412 978 con·

311 1007 470 1082 federati
488 1019 525 1082 et
543 1006 658 1080 iurati
672 1005 744 1104 sui,
763 1006 999 1104 requisierat,
1018 1018 1214 1104 tamquam
1231 1005 1266 1080 ei
1285 1030 1344 1079 cm
1336 1005 1412 1078 ad
1455 1060 1460 1067 .

312 1108 439 1192 omnia
456 1108 735 1206 provoluntate
754 1131 822 1180 sua
842 1107 1036 1201 servierat,
1056 1107 1128 1180 hac
1145 1118 1275 1180 tamen
1292 1105 1412 1180 inten-

309 1209 413 1282 tione
441 1219 483 1281 ut
507 1207 539 1282 si
564 1231 694 1282 comes
711 1207 944 1281 Flandrie
911 1233 946 1282 er
970 1207 1152 1281 auxilium
1179 1232 1255 1280 non
1282 1206 1411 1299 ferret,

312 1308 502 1382 saltem
469 1334 503 1382 er
522 1332 660 1381 nocere
679 1333 755 1380 non
772 1307 899 1384 vellet.
935 1307 1073 1382 Comes
1092 1317 1221 1381 autem
1238 1307 1266 1378 F
1268 1305 1413 1380 landrte

201 1422 301 1478 mr.
312 1409 392 1482 ad
382 1432 508 1507 ipsum
531 1408 672 1482 locum
691 1409 886 1506 accedens,
913 1407 1156 1521 congregatis
1182 1406 1332 1481 circiter
1348 1407 1412 1480 ad-

201 1519 302 1578 odor
311 1518 467 1584 ventum
485 1507 637 1580 Domini
655 1463 886 1582 exercitibus
900 1507 995 1606 illis,
1023 1507 1162 1583 comite
1179 1507 1412 1581 Hanoniensi

256 1594 410 1683 ²⁸·vires
422 1610 468 1682 ad
482 1606 701 1682 firmitatem
715 1607 832 1705 illam,
847 1606 936 1682 licet
949 1608 1068 1683 duce
1057 1608 1187 1706 invito,
1200 1607 1413 1681 faciendam

311 1709 545 1791 sufficientes
568 1710 749 1806 habente,
776 1707 914 1781 habitis
931 1707 1019 1781 binc
1036 1709 1123 1783 inde
1141 1708 1327 1803 consiliis,
1351 1730 1412 1780 co-

312 1810 445 1884 mitem
467 1809 750 1884 Hanoniensem
774 1811 821 1882 ad
852 1809 925 1882 hoc
951 1810 1126 1907 precibus
1146 1819 1194 1882 et
1217 1806 1413 1882 blandiciis

312 1911 459 2008 coegit,
487 1911 587 2006 quod
606 1933 736 1982 comes
763 1909 1016 1982 Hanoniensis
1041 1908 1211 1982 inducias
1238 1906 1414 2000 firmandi

201 2025 305 2082 -.risa
313 2020 351 2083 et
374 2020 530 2123 treugas
557 2033 695 2107 guerre
714 2009 799 2081 duci
824 2009 1015 2083 concessit
1038 2033 1158 2107 usque
1185 2010 1232 2082 ad
1259 2019 1413 2082 octavas

202 2100 259 2158 ¹³¹¹
263 2101 304 2155 ¹³·
299 2109 514 2224 epiphanie
529 2108 745 2224 ⁸.sequentis
798 2108 983 2182 Dominus
1011 2120 1139 2184 autem
1156 2133 1287 2183 comes
1304 2109 1332 2180 F
1334 2109 1415 2182 lan

311 2211 391 2292 drie
409 2209 539 2284 comiti
556 2207 788 2324 Hanoniensi
814 2209 988 2308 promisit
1004 2211 1124 2306 quod,
1150 2207 1369 2284 intellecta
1359 2234 1414 2280 m·

311 2311 423 2392 terim
442 2311 534 2384 iuris
553 2309 611 2384 sui
629 2311 801 2407 veritate,
821 2335 907 2384 eum
927 2322 965 2384 et
983 2309 1019 2382 in
1038 2310 1111 2383 hiis
1130 2321 1168 2407 et
1185 2311 1223 2383 in
1237 2310 1321 2383 aliis
1333 2307 1415 2381 dili·

313 2422 447 2509 genter
461 2422 500 2484 et
512 2410 696 2484 fideliter
687 2421 845 2506 ruveret,
864 2410 1114 2483 consulens
1081 2435 1116 2484 er
1135 2401 1270 2484 utnon
1288 2410 1414 2484 nunus

313 2512 360 2583 ad
379 2535 558 2623 guerram
585 2533 673 2582 cum
701 2520 956 2623 quotcumque
983 2510 1123 2584 habere
1153 2521 1303 2608 posset,
1333 2520 1414 2582 tam

315 2608 502 2708 equitibus
521 2634 635 2706 quam
653 2609 857 2707 peditibus,
884 2609 954 2682 sibi
980 2611 1206 2707 provideret.
1258 2609 1415 2684 Interim

314 2721 442 2785 atatem
470 2710 645 2782 dominus
673 2733 802 2784 comes
829 2710 1082 2784 Hanoniensis
1115 2735 1201 2785 cum
1234 2709 1417 2809 predictis

315 2810 446 2884 amicis
465 2810 555 2906 suis,
575 2809 720 2883 scilicet
737 2811 876 2884 comite
894 2810 1091 2909 Retensi¹,
1120 2810 1298 2909 episcopo
1320 2811 1414 2884 Lau·

315 2910 474 2984 dunensi
493 2920 531 2984 et
556 2910 672 2983 lratre
691 2909 772 2984 eius
791 2910 992 3008 Rainaldo,
1017 2911 1214 3010 Radulpbo
1234 2913 1280 2986 de
1299 2911 1413 3007 Cocy,

313 3011 496 3085 Nicholao
524 3011 570 3084 de
596 3009 791 3099 Ruminio,
824 3011 983 3085 Widone
1002 3013 1048 3086 de
1067 3011 1198 3108 Cheri,
1230 3011 1415 3094 (laufrido¹

313 3122 352 3186 et
376 3111 540 3185 Ernoldo
566 3112 611 3186 de
629 3111 830 3208 Baleham,
862 3111 1025 3186 Roborto
1052 3113 1098 3186 de
1125 3113 1351 3226 l'etraponte
1375 3120 1414 3186 et

313 3213 443 3286 multis
471 3213 616 3309 aliis,
607 3239 644 3286 m
668 3213 758 3286 villa
783 3237 856 3325 que
881 3212 1016 3285 dicitur
1032 3211 1162 3287 Vinoiz
1181 3212 1415 3310 colloquium

313 3313 445 3386 habuit
464 3337 578 3410 super
596 3312 734 3384 auxilio
754 3311 853 3384 sibi
844 3337 881 3383 m
904 3312 1112 3386 hereditate
1131 3337 1201 3386 sua
1218 3312 1415 3387 retinenda

313 3413 481 3485 ferendo.
511 3411 583 3498 Qui
603 3434 735 3485 omnes
751 3407 796 3484 ad
812 3411 993 3484 auxilium
1012 3436 1123 3485 suum
1138 3438 1224 3486 oum
1238 3413 1413 3486 omnibus

315 3510 446 3584 electis
470 3509 669 3606 militibus,
696 3535 792 3607 quos
810 3512 951 3584 habere
970 3523 1190 3610 potuerunt,
1216 3539 1333 3588 vener
1336 3522 1412 3587 unt

316 3609 470 3684 Interim
491 3611 611 3684 eciam
626 3611 800 3684 dominus
815 3635 945 3686 comes
958 3614 1005 3686 ad
1020 3599 1303 3708 tornamentum
1317 3613 1415 3688 inter

314 3709 517 3784 Brainam²
544 3721 582 3785 et
604 3709 906 3786 Suessionem
876 3735 957 3788 sine
984 3714 1099 3791 armis
1124 3713 1296 3788 transivit
1321 3724 1359 3788 et
1376 3713 1415 3786 in

317 3823 475 3910 utraque
498 3822 605 3910 parte
626 3823 881 3926 quotcumque
899 3825 1049 3913 poterat
1066 3815 1206 3889 milites
1234 3816 1280 3888 ad
1313 3814 1415 3888 auxi·

315 3913 409 3986 lium
427 3935 539 3986 suum
558 3913 733 4026 precibus
752 3924 790 3988 et
808 3915 1005 4013 promissis
1024 3915 1220 3990 convertit.

248 4038 275 4092 1
278 4056 305 4090 ι
390 4014 432 4086 ln
451 4013 594 4087 octavis
613 4024 740 4088 autem
759 4016 983 4114 epyphanie,
1003 4017 1244 4131 congregatis
1259 4016 1297 4090 in
1311 4017 1417 4091 lllon·

262 4109 305 4164 ¹³·
314 4115 414 4190 tibus
445 4114 574 4188 multis
605 4114 786 4189 militibus
817 4140 904 4190 cum
932 4117 1065 4215 armis,
1093 4143 1222 4194 comes
1240 4117 1416 4193 Flandrie

317 4239 342 4310 l)
362 4239 497 4296 Manasse.
569 4241 597 4312 2)
619 4241 745 4306 Braisno
766 4246 799 4297 ad
821 4242 961 4308 Vcslell„
981 4243 1142 4303 ascissens
1162 4249 1197 4300 ad
1217 4246 1357 4302 orientem
