3118 4786
316 359 386 432 172
722 353 1000 432 Gtsfflllslltl

221 569 393 634 areolum
410 557 490 638 luit
528 557 694 633 lurutum
714 557 834 638 auium
853 555 923 631 fuit
942 553 1130 653 utriuque,
1147 555 1247 652 quod
1264 555 1433 651 quaudo

310 657 491 736 Yolenrlis
509 658 658 740 comitis
676 657 929 735 llsnouieusis
947 653 1025 735 lilia
1042 665 1184 735 elatem
1205 657 1250 730 ud
1269 657 1431 735 nohen-

311 763 402 838 ‹lum
421 758 673 834 sufficientem
693 760 869 855 liaberet,
893 756 1081 832 lleuuious
1106 780 1237 834 eomes
1255 757 1424 854 Campu-

310 862 454 938 uiensis
474 885 559 934 eam
579 860 663 934 sine
681 860 883 935 occasione
902 869 943 932 et
958 857 1137 936 dilatione
1154 858 1310 932 duceret
1324 881 1424 934 uxo·

310 986 411 1058 rem,
448 965 546 1061 quod
577 961 730 1059 quidem
760 961 845 1060 ipse
868 959 1055 1035 llemicus
1088 982 1220 1035 comes
1251 958 1420 1056 Campu-

310 1062 453 1138 niensis
473 1087 594 1136 annos
617 1066 663 1137 16
681 1073 746 1140 arrt
762 1063 893 1162 plures
910 1062 1057 1137 habens
1083 1059 1229 1134 iuravit.
1274 1057 1418 1140 Iuravit

311 1165 430 1238 eciam
451 1188 518 1263 pro
538 1175 645 1263 parte
663 1163 762 1236 illius
789 1173 912 1236 nrater
936 1162 1018 1239 eius
1037 1161 1154 1234 Maria
1172 1163 1414 1258 Campanen-

200 1286 240 1338 ⁸r.
254 1286 299 1342 57.
310 1265 363 1340 sis
384 1265 576 1340 comitissa
597 1276 780 1338 eteorum
796 1263 971 1338 homines
985 1262 1092 1335 multi
1106 1261 1263 1336 nobiles.
1290 1261 1415 1343 'Unde

311 1367 430 1439 eciam
451 1365 625 1440 dominus
640 1365 851 1440 willelmus
865 1363 1066 1440 Remensis
1086 1362 1414 1461 archiepiscopus,
1531 1437 1532 1458 ,

310 1467 457 1540 coniitis
477 1467 752 1564 Campauensis
773 1465 995 1562 avunculus,
1020 1464 1190 1538 obsidem
1211 1488 1254 1536 se
1274 1464 1415 1536 consti·
1454 1527 1465 1534 .
1531 1459 1532 1490 ³

302 1568 388 1646 tuit.
433 1569 571 1642 Iuravit
590 1566 711 1640 eriam
732 1591 861 1642 comes
880 1565 1134 1640 Hanuniensis
1154 1576 1192 1638 et
1210 1566 1267 1640 sui
1288 1565 1411 1642 homi·

309 1693 378 1742 nes
398 1669 535 1742 ibidem
555 1680 765 1767 presentes.
802 1667 885 1757 Qus
905 1668 1056 1768 quidam
1075 1667 1286 1741 iuramenta
1305 1677 1410 1765 post·

311 1775 462 1846 modum
484 1771 583 1844 male
603 1771 754 1843 luerunt
771 1773 994 1865 observata,
1020 1792 1095 1841 non
1119 1769 1220 1841 enim
1240 1767 1311 1841 illis
1331 1768 1410 1842 suf·

309 1873 398 1946 fecit
429 1883 467 1944 ut
498 1871 534 1943 in
566 1871 787 1944 iuramentis
817 1870 891 1944 illis
918 1867 1094 1943 comitem
1121 1869 1408 1942 Hauoniensem
1531 1867 1532 1918 l

308 1972 499 2066 fallerent,
527 1974 593 2044 sed
620 1982 660 2043 ut
687 1995 755 2069 per
781 1971 878 2044 aliud
906 1969 1097 2069 quesitum
1125 1970 1406 2049 matrimonium
1527 1927 1532 2074 l

308 2073 345 2146 in
367 2073 697 2146 exheredationem
719 2072 799 2146 eius
819 2072 974 2144 nimiam
994 2071 1228 2168 laborarent,
1254 2070 1350 2144 sicut
1370 2070 1408 2144 in

308 2173 627 2273 subsequentibus
647 2173 799 2248 dicetur.
829 2173 933 2246 quta
953 2173 1052 2246 hanc
1066 2173 1241 2271 equidem
1257 2196 1409 2271 compo-
1528 2089 1532 2324 l

307 2276 482 2350 sitionem
493 2275 697 2350 Balduinus
713 2274 859 2350 comitis
871 2274 1124 2348 Hanoniensis
1140 2271 1251 2369 lilius,
1266 2283 1406 2348 etatem
1531 2329 1532 2340 ,

306 2377 451 2451 liabens
474 2380 517 2448 13
539 2401 743 2472 annorum,
769 2377 927 2449 Mariam
954 2375 1103 2450 comitis
1131 2376 1405 2474 campanensis
1531 2371 1532 2412 ³

307 2499 477 2548 sororem
499 2477 645 2572 accepit
659 2500 828 2570 uxorem,
848 2486 988 2548 etatem
1009 2477 1052 2552 12
1067 2500 1251 2550 annorum
1267 2477 1406 2550 hahen-

305 2588 404 2670 tem,
438 2579 536 2674 apud
565 2577 770 2650 Castellum
796 2577 945 2672 Tyeri¹.
999 2577 1082 2665 Qus
1113 2577 1263 2675 quidem
1290 2578 1404 2654 lllaria

306 2678 499 2775 obsequiis
518 2677 653 2752 divinis
673 2678 709 2750 in
729 2679 981 2772 orationibus,
1009 2678 1164 2776 vigiliis,
1192 2678 1340 2752 ieiuniis
1368 2689 1405 2750 et

308 2779 526 2852 elemosinis
555 2781 647 2852 satis
675 2780 820 2854 iuvenis
850 2780 950 2878 cepit
976 2781 1190 2874 intendere,
1219 2804 1331 2878 quam
1350 2779 1405 2852 vir

307 2880 388 2954 eius
407 2879 624 2975 Balduinus,
651 2881 797 2955 iuvenis
818 2881 937 2956 eciam
959 2883 1080 2976 miles,
1108 2891 1212 2954 caste
1231 2880 1403 2974 vivendo,

307 2979 447 3080 spretis
467 2981 641 3056 omnihus
661 2983 743 3056 aliis
765 2984 1004 3080 mulieribuS,
1032 2983 1278 3080 ipsamsolam
1308 2981 1404 3080 oepit

299 3107 435 3158 amare
463 3107 592 3157 amore
621 3085 793 3179 ferventi,
821 3087 919 3183 quod
947 3085 983 3156 in
1003 3085 1127 3182 aliquo
1147 3083 1300 3158 homine
1320 3107 1401 3156 raro

305 3184 494 3260 invenitur
518 3195 558 3258 ut
583 3185 651 3258 soli
680 3198 825 3260 tantum
843 3187 1011 3260 intendat
1037 3184 1182 3258 mulieri
1203 3195 1241 3257 et
1259 3208 1303 3260 ea
1323 3185 1402 3258 sols

305 3292 512 3360 contentus¹
523 3287 582 3359 sit.
608 3286 829 3382 Nuptiarum
845 3287 984 3385 quippe
999 3286 1212 3384 sollempne
1225 3287 1400 3384 gaudium

304 3387 529 3460 Valenuenis
551 3385 588 3456 in
608 3387 715 3482 copia
735 3387 952 3460 militumet
969 3387 1206 3460 dominarum
1227 3398 1265 3460 et
1284 3388 1402 3462 ouius-

307 3510 468 3582 cumque
488 3485 708 3560 conditionis
729 3487 923 3561 hominum
943 3487 1010 3560 tuit
1028 3488 1270 3564 celebratum.

380 3587 421 3660 ln
448 3586 580 3660 diebus
608 3586 680 3660 illis
707 3613 836 3662 comes
855 3589 1109 3664 Hauoniensis
1130 3589 1255 3662 villam
1277 3609 1403 3687 quam*-

305 3691 413 3776 dum,
448 3711 557 3760 suum
587 3688 779 3788 proprium
807 3691 983 3764 allodium
1009 3694 1106 3788 quod
1134 3716 1155 3764 a
1181 3691 1401 3789 quibusdam

306 3789 490 3875 nobilibus
519 3789 764 3886 acquisierat,
791 3791 982 3868 Bailueiz²
1008 3792 1173 3885 seilicet,
1201 3816 1318 3890 prope
1338 3793 1401 3886 Cy-

307 3915 471 3988 maeum,
497 3889 626 3988 Egilio
646 3892 765 3990 ipsius
785 3895 898 3968 castri
918 3896 1083 3986 domino,
1109 3891 1209 3966 lideli
1230 3917 1300 3966 suo
1319 3915 1402 3966 con-

308 3993 539 4090 sanguineo,
566 3992 602 4066 in
631 4005 877 4090 augmentum
904 3995 1002 4068 leodi
1023 3995 1079 4068 sui
1100 3993 1219 4081 ledit,
1247 3994 1309 4092 qui
1329 3995 1403 4090 qui·

308 4145 611 4274 illilpltesu-Tlrierry
632 4152 664 4202 sd
685 4149 795 4202 llurium
815 4147 919 4203 Marna.
1005 4149 1033 4220 2)
1051 4147 1180 4214 Brilenr,
1201 4167 1215 4202 a
1236 4147 1383 4220 Chimaya

305 4238 381 4274 omen
395 4238 446 4275 em.
1382 4268 1385 4278 l
