3118 4786
381 405 658 500 CHRONlCON
685 407 1004 482 HANONlENSE.
1164 413 1235 485 207

144 611 243 682 bono
271 609 416 683 comitis
434 609 700 706 Hanoniensis‚
728 610 853 684 comiti
873 611 1118 684 Namurcensi
1138 610 1235 684 diem
1250 635 1326 691 ttso.
1362 684 1364 690 .

144 710 337 782 constituit
350 713 446 808 apud
462 710 656 806 leodium,
671 722 710 784 ut
728 711 764 784 in
784 713 926 784 octavis
944 711 1144 809 epiphanie
1157 711 1302 792 illicnn.

143 821 323 884 venturus
344 811 441 884 inter
466 811 568 885 illum
595 812 735 886 eteius
762 824 939 910 nepotem
968 813 1144 888 comitem
1163 813 1236 885 Ha·
1248 809 1290 864 ¹³·

39 977 44 984 .
145 911 368 985 noniensem
393 913 518 985 lacere
543 936 676 1011 pacem
703 925 843 1012 posset.
880 916 973 990 Cum
992 926 1119 988 autem
1139 918 1235 1014 apud

143 1001 397 1086 Wormaciam
418 1037 485 1111 per
506 1016 551 1088 16
571 1014 650 1110 dies
671 1039 815 1087 moram
834 1016 1028 1112 fecissent
1055 1016 1234 1089 Leodium

144 1113 248 1185 venit
266 1115 348 1212 ipse
368 1115 541 1188 dominus
560 1139 639 1210 rex,
659 1127 698 1188 et
717 1141 802 1188 cum
818 1141 862 1189 eo
879 1141 1008 1190 comes
1024 1117 1236 1189 Hanonien·
1335 1209 1336 1214 Ἰ

143 1213 208 1287 sis.
246 1215 436 1288 Venerunt
454 1226 582 1290 autem
601 1217 689 1290 illuc
708 1222 753 1291 ad
768 1218 943 1290 comitem
955 1219 1235 1292 Hanoniensem

144 1315 213 1388 viri
240 1317 345 1414 prohi
365 1319 410 1389 de
430 1317 586 1390 consilio
613 1343 681 1392 suo
709 1319 813 1390 multi
838 1320 1068 1413 aHanonia.
1095 1319 1237 1392 scilicet
1277 1365 1282 1374 ·

143 1417 354 1491 Willelmus
368 1419 484 1490 frater
498 1443 604 1516 suus,
620 1431 657 1493 et
671 1421 764 1496 Osto
780 1423 824 1492 de
840 1421 1032 1517 lrasiniis
1052 1432 1090 1494 et
1102 1422 1235 1495 Nicho·

78 1561 80 1566 -
142 1516 226 1591 laus
242 1523 287 1591 de
302 1519 571 1593 Barbenciune.
591 1532 627 1594 et
648 1521 752 1594 multi
771 1522 882 1593 alii
853 1547 934 1594 sme
950 1525 1078 1618 armis
1099 1533 1234 1595 etcum

145 1618 199 1691 eis
219 1619 447 1693 Balduinus
438 1621 557 1719 ipsius
577 1622 723 1694 comitis
742 1623 839 1696 filius
860 1623 1147 1721 primogenitum
1175 1627 1236 1694 ad-

141 1721 217 1792 huc
237 1745 341 1818 puer.
377 1724 514 1796 Comes
530 1732 655 1794 autem
671 1724 939 1796 Namurcensis
955 1748 1040 1796 cum
1062 1725 1236 1798 militibus

144 1820 292 1894 circiter
312 1827 396 1918 100,
423 1834 460 1896 et
479 1822 607 1918 armis7
636 1834 673 1896 et
692 1824 818 1896 multis
839 1825 1087 1897 servientibus
1108 1825 1237 1922 equiti·

48 1923 52 1928 ’
142 1926 211 1996 hus
240 1923 352 1996 venit.
395 1926 478 1998 Dux
507 1924 627 1997 eciam
646 1924 892 1999 Lovaniensis
912 1927 1034 1999 iunior
1051 1925 1235 1999 Henricus

143 2025 182 2096 in
202 2025 377 2122 superbia
396 2027 568 2120 veniens,
588 2025 724 2100 milites
745 2026 891 2100 circiter
910 2031 983 2101 300
1001 2051 1087 2100 cum
1107 2027 1238 2122 armh,

145 2134 182 2196 et
207 2125 362 2198 totidem
383 2127 593 2200 servientes
614 2128 758 2225 equites
780 2152 910 2200 secum
930 2129 1090 2200 adduxit.
1140 2129 1237 2228 Quo-

141 2249 225 2299 rum
240 2225 433 2338 improbus
449 2239 486 2300 et
500 2251 684 2324 arrogans
700 2231 882 2301 adventus
898 2229 1089 2302 dominum
1104 2253 1236 2326 regem

142 2327 310 2424 graviter
336 2327 534 2425 offendit1
563 2328 757 2427 cumipse
785 2352 870 2401 cum
898 2330 1025 2426 paucis
1054 2329 1237 2403 venisset
1245 2346 1278 2402 t.
1292 2347 1345 2400 ro

145 2438 183 2500 et
208 2428 289 2502 sine
313 2429 447 2525 armis,
474 2440 511 2502 et
535 2429 713 2502 comitem
737 2429 1018 2504 Hanoniensem
1048 2455 1160 2528 quem
1185 2430 1236 2504 illi

142 2532 299 2604 oderant
317 2555 448 2604 secum
467 2531 549 2603 sine
576 2531 691 2604 armis
717 2531 945 2606 adduxisset.
995 2533 1066 2619 Qui
1085 2531 1234 2647 quidem

143 2653 272 2704 comes
293 2631 325 2704 si
343 2632 601 2730 prescivisset
619 2633 710 2706 satis
731 2643 858 2706 contra
879 2633 986 2706 illos
977 2659 1013 2704 m
1030 2633 1144 2707 armis
1164 2633 1233 2708 sibi

114 2817 117 2824 y
143 2731 352 2828 providisse
371 2733 567 2830 potuisset
602 2734 784 2807 Dominus
804 2744 929 2806 autem
958 2758 1024 2806 rex
1049 2759 1115 2833 pro
1140 2759 1233 2848 pace

141 2831 317 2906 laborans
344 2833 442 2908 inter
469 2835 646 2908 comitem
665 2836 963 2910 Namurcensem
992 2846 1030 2908 et
1056 2836 1233 2908 comitem

144 2933 424 3006 Hanoniensem
444 2936 629 3030 facienda,
648 2936 761 3009 nichil
779 2937 948 3033 proiecit.
993 2939 1086 3010 Cum
1107 2947 1233 3010 autem

143 3058 210 3108 rex
236 3057 304 3132 per
328 3035 468 3133 aliquot
491 3036 572 3108 dies
598 3036 646 3108 ibi
674 3047 710 3108 et
737 3039 869 3108 ducem
894 3037 1170 3110 Lovauiensem
1199 3049 1235 3109 et

145 3135 320 3210 comitem
340 3137 639 3209 Namurcensem
667 3135 905 3231 detinuisset,
934 3135 1061 3208 comiti
1078 3139 1235 3210 Namur·

143 3236 246 3309 censi
264 3237 465 3311 recedendi
483 3237 675 3310 licentiam
694 3237 805 3333 dedit,
824 3240 958 3310 ducem
978 3249 1105 3311 autem
1119 3239 1235 3311 hova·

143 3337 315 3411 niensem
335 3349 373 3411 et
391 3339 567 3412 comitem
577 3338 859 3412 Hanoniensem
881 3361 1010 3411 secum
1022 3339 1234 3413 Traiectum

143 3439 262 3532 duxit,
291 3450 331 3512 ut
348 3440 481 3514 saltem
503 3439 684 3514 intereos
703 3464 837 3539 pacem
859 3439 1009 3513 laceret.
1058 3439 1233 3528 Quicum

144 3543 241 3639 apud
255 3541 467 3614 Traiectum
486 3541 599 3614 nichil
614 3545 660 3615 de
674 3567 769 3641 pace
784 3553 916 3641 posset
931 3542 1115 3636 ordinare,
1134 3542 1234 3615 illinc

142 3642 179 3714 in
196 3642 445 3716 Aduallenses
464 3652 592 3740 partes
612 3646 838 3739 secedendo,
860 3642 943 3716 illos
963 3667 1093 3716 secum
1114 3667 1234 3742 usque

143 3743 345 3817 Werdam²
363 3767 476 3842 supra
496 3745 641 3816 Renum
662 3744 823 3840 deduxit,
843 3755 881 3817 et
898 3744 995 3818 inter
1012 3769 1079 3818 eos
1100 3768 1231 3842 pacem

141 3845 241 3942 fecit,
269 3845 421 3918 excluso
440 3845 527 3918 inde
546 3845 682 3918 comite
701 3845 959 3918 Namurcensi.
1012 3847 1142 3919 Modus
1170 3869 1234 3918 au-

143 3957 218 4018 tem
243 3946 311 4018 fuit
329 3946 433 4044 pacis
454 3957 492 4019 et
510 3948 707 4020 concordie
735 3958 771 4020 et
797 3947 1111 4020 confederationis
1136 3946 1235 4018 inter

144 4045 317 4120 comitem
328 4047 610 4122 Hanoniensem
626 4059 664 4122 et
678 4051 811 4122 ducem
825 4048 1116 4143 Lovaniensem,
1135 4049 1235 4144 quod

144 4149 216 4220 dux
232 4147 478 4223 Lovaniensis
497 4161 637 4223 terram
658 4174 769 4248 quam
790 4176 809 4223 a
831 4149 965 4221 comite
986 4149 1231 4222 Namurcensi

138 4273 169 4346 l)
189 4272 246 4329 ch.
265 4274 363 4344 Aegid.
382 4275 551 4332 Aureacrall.
573 4279 589 4332 Ι.
610 4297 634 4332 c.
654 4297 681 4349 p.
704 4276 764 4333 137.
841 4277 867 4350 2)
887 4275 1091 4332 Kaiscrswerth.
