3002 4790
183 457 186 463 -
310 395 624 491 ’1111011101
650 366 974 491 bonomensis.
1135 419 1208 491 aso

106 617 312 692 autemdie
327 641 347 690 a
363 617 565 692 donatione
578 618 642 692 illa
659 618 883 694 cancellarie
898 618 1021 693 eidem
1031 614 1207 696 Lethario
1221 629 1300 686 1192.
1419 708 1422 716 μ

106 723 179 793 sub
210 716 427 793 testimonio
455 719 709 816 predictorum
737 719 969 819 principum,
1000 716 1210 793 astantibus

106 819 232 894 eciam
268 829 428 918 utroque
458 819 632 916 Alberto,
668 819 929 919 episcopatum
957 819 1209 894 Leodiensem

107 919 275 995 contulit.
326 919 410 1006 Que
438 919 588 1018 quidem
608 921 757 998 donatio
778 931 816 996 et
839 922 1058 1010 scandalum
1087 919 1123 993 in
1151 942 1211 991 ec·
1278 1005 1281 1011 .

110 1020 228 1095 clesia
248 1019 342 1093 etin
362 1021 512 1119 populis
532 1020 660 1096 multis
679 1021 780 1119 fecit,
809 1033 846 1097 et
871 1021 996 1120 ipsum
1016 1021 1210 1094 Albertum

103 1120 387 1208 Lovaniensem
408 1131 446 1195 et
460 1125 620 1196 eundem
633 1123 853 1198 Lotharium
868 1125 913 1195 ad
928 1132 1089 1196 mortem
1109 1121 1213 1194 festi·

104 1245 197 1294 nam
217 1221 399 1320 perduxit.
437 1221 614 1296 Albertus
633 1234 762 1297 autem
780 1225 827 1296 de
846 1224 978 1299 Retest
996 1222 1033 1295 in
1053 1220 1212 1320 promis·

104 1322 161 1396 sis
181 1322 423 1395 defraudatus
444 1333 524 1418 cst,
549 1323 607 1396 cui
626 1324 801 1399 dominus
829 1323 1036 1422 imperator
1063 1346 1129 1421 pro
1150 1345 1212 1394 ex·

107 1423 241 1520 pensis
261 1422 369 1496 factis
388 1423 463 1498 500
477 1425 653 1498 marchas
669 1424 871 1500 restituere
887 1425 1016 1520 voluit,
1036 1448 1129 1523 quas
1149 1423 1212 1502 itte

107 1523 282 1622 accipere
303 1524 541 1621 contempsit.
982 1576 984 1580 -

183 1624 337 1696 lnterim
358 1647 487 1696 comes
502 1624 771 1700 Hollandensis
791 1625 942 1700 domino
962 1624 1088 1698 comiti
1105 1623 1213 1696 Flan-

106 1724 189 1798 drie
208 1735 247 1799 et
268 1723 441 1797 Hanonie
467 1748 584 1822 super
609 1727 729 1799 leodis
750 1750 822 1825 que
842 1751 863 1800 a
883 1726 1021 1800 comite
1039 1723 1211 1797 Flandrie

106 1826 313 1922 habuerat,
341 1823 548 1898 hominium
576 1826 675 1900 lecit.
727 1826 934 1900 Balduinus
958 1835 1086 1898 autem
1112 1823 1210 1896 filius

110 1926 273 2023 comitis,
301 1923 469 2024 acceptis
490 1925 586 2023 patri
611 1951 680 2000 suo
699 1926 858 2001 induciis
877 1925 1050 2000 veniendi
1077 1928 1123 1998 ad
1149 1926 1213 1996 do·

110 2026 256 2100 minum
282 2026 553 2125 imperatorem
573 2031 886 2127 quandocumque
905 2029 1021 2101 vellet
1038 2027 1100 2098 vel
1126 2049 1213 2124 pos·
1295 2115 1300 2124 Ι

113 2137 186 2224 set,
214 2130 259 2201 ad
279 2137 427 2225 patrem
447 2151 559 2201 suum
578 2152 758 2204 reversus
778 2140 856 2224 est,
886 2152 958 2227 que
985 2126 1133 2202 inducie
1153 2151 1214 2200 us·

109 2251 184 2325 que
212 2229 258 2300 ad
293 2237 444 2323 tempus
472 2251 682 2325 congruum
711 2240 750 2304 et
775 2239 905 2327 aptum
934 2227 1062 2301 comiti
1088 2227 1214 2300 Hano-

108 2326 235 2400 niensi
252 2327 403 2400 fuerunt
423 2350 619 2402 concesse.
1168 2409 1170 2414 ,

186 2429 329 2500 Eodem
353 2452 452 2500 anno
473 2428 618 2503 scilicet
640 2433 755 2526 1191,
781 2431 878 2502 Acra
904 2427 1035 2502 civitas
1063 2427 1125 2501 diu
1151 2430 1215 2500 cb·

110 2552 222 2612 sessa
247 2538 356 2627 capta
382 2529 469 2624 fuit,
503 2529 541 2602 in
569 2529 676 2603 cuius
702 2529 897 2604 obsidione
925 2529 1118 2628 Philippus
1146 2551 1213 2600 rex

108 2628 263 2704 Francia
284 2639 459 2726 egrotare
486 2629 603 2729 cepit,
632 2630 692 2704 cui
717 2631 868 2730 quidem
894 2630 1088 2705 dicebatur
1113 2631 1212 2728 quod

110 2755 178 2802 rex
196 2729 330 2826 Anglie
350 2729 386 2800 in
412 2741 575 2804 mortem
595 2731 676 2805 eius
695 2733 757 2805 vel
783 2729 978 2806 veneficiis
1006 2731 1212 2831 moliretur.

112 2831 218 2904 Unde
237 2853 304 2902 rex
322 2830 553 2902 Francorum
580 2841 658 2904 tam
683 2831 900 2906 infirmitate
924 2856 1037 2930 quam
1064 2827 1213 2904 exodio

111 2929 214 3028 regis
235 2930 455 3027 Anglnrum.
472 2929 685 3030 'assumpta
711 2933 926 3026 occasione,
953 2932 990 3006 in
1015 2931 1324 3005 tranctante-

111 3029 220 3104 rediit
244 3053 378 3103 mense
402 3029 608 3104 lanuario1.
658 3033 772 3106 Cuius
797 3056 975 3106 recessus
1001 3030 1215 3130 peregrinis

113 3130 348 3227 christianis,
376 3130 511 3228 quibus
544 3129 696 3204 unicum
728 3132 925 3207 videbatur
946 3131 984 3203 in
1012 3132 1096 3230 ipso
1122 3135 1214 3226 rege

112 3231 315 3328 refugium,
340 3232 510 3306 dolorem
538 3242 575 3305 et
598 3231 885 3327 detrimentum,
910 3230 1131 3306 Sarracenis
1151 3254 1216 3303 au·

1 3329 2 3375 ³
112 3343 204 3429 tem,
224 3332 286 3432 qui
305 3331 386 3406 eius
407 3332 524 3407 solius
544 3332 777 3431 presentiam
796 3358 863 3433 pre
883 3332 1020 3408 ceteris
1040 3332 1217 3407 abhorre·

1 3521 2 3524 ,
113 3437 215 3530 bant,
239 3433 418 3532 gaudium
447 3433 612 3508 contulit.
662 3437 801 3510 Comes
826 3444 954 3508 autem
972 3431 1215 3507 Flandrensis

115 3545 151 3610 et
169 3535 424 3608 Hanoniensis
444 3546 482 3608 et
500 3535 668 3609 marchio
683 3534 968 3632 Namurceusis,
987 3537 1111 3610 audito
1131 3534 1213 3608 eius
1225 3547 1306 3606 1191.

116 3639 301 3732 adventu,
329 3635 493 3709 Parisios
522 3637 568 3708 ad
597 3637 724 3735 ipsum
752 3636 935 3734 accessit,
962 3637 1073 3736 eique
1100 3621 1326 3710 suum⁰⁰·²5·

115 3736 325 3811 hominium
351 3760 419 3835 pro
438 3736 610 3812 Flandria
629 3737 773 3834 obtulit,
799 3738 897 3836 quod
916 3737 1068 3836 quidem
1094 3735 1215 3810 homi·

114 3838 218 3923 nium
237 3836 434 3936 suscipere
453 3836 625 3910 dominus
650 3862 717 3911 rex
741 3839 914 3937 negavit,
940 3864 1016 3913 non
1044 3836 1216 3911 conside·

1 4021 2 4026 ,
116 3963 203 4024 rans
224 3941 322 4037 quod
347 3938 431 4037 ipse
451 3961 582 4012 comes
603 3963 693 4037 erga
718 3939 865 4038 ipsum,
891 3962 1008 4038 super
1025 3947 1132 4037 parte
1151 3936 1214 4010 illa

117 4063 189 4138 que
204 4042 249 4113 ad
264 4038 390 4139 ipsum
405 4041 503 4113 etad
518 4039 636 4114 filium
651 4039 732 4114 eius
746 4040 978 4114 Ludovicum
997 4042 1215 4134 devenerat,
1296 4109 1298 4113 ,

119 4193 143 4266 1)
163 4190 222 4246 Ch.
242 4190 321 4249 Cant.
340 4192 437 4263 Aqola.
455 4193 475 4246 l.
496 4212 520 4248 o.
541 4211 566 4264 p.
586 4193 656 4248 4272
676 4196 808 4266 Philippus
825 4211 876 4251 rec
896 4193 1058 4250 Francorum
1077 4198 1140 4250 onte
1158 4193 1215 4248 dics

117 4269 261 4324 arduitatis
280 4270 453 4323 dominicata
472 4267 610 4323 Frnnctom
629 4273 707 4326 uenit.
