3118 4786
440 195 457 236 s

263 407 266 417 '
376 396 652 471 CHRONICON
679 391 992 470 HANONIENSE.
1153 395 1227 489 205

131 597 282 672 scilicet
306 599 539 674 Gislebertus
568 599 749 696 clericus,
769 593 869 672 'duas
897 597 1108 696 prebendas
1134 613 1319 693 quasttso.

135 703 396 772 tantummodo
424 701 604 797 habebat
632 707 788 776 absente
808 711 846 774 et
863 699 1058 774 nesciente
1076 699 1227 771 domino

133 824 205 873 suo
238 802 374 874 comite
393 802 644 917 Hanoniensi‚
673 827 738 901 pro
757 801 993 916 promotione
1013 797 1149 873 domini
1169 797 1229 870 sui

136 901 292 998 negotii⁷
310 903 481 976 duobus
472 929 508 976 m
529 905 630 978 curia
645 905 764 978 dedit·
755 903 847 1002 ,qui
865 903 985 974 eciam
1005 905 1097 973 duas
1117 909 1229 976 antea
1261 949 1264 954 ·

133 1006 182 1075 ad
212 1002 442 1078 voluntatem
469 1005 609 1078 domini
637 1005 694 1079 sui
721 1004 992 1102 resignaverat
1045 1001 1227 1074 Dominus

22 1135 23 1166 1
51 1151 55 1164 ·
132 1113 263 1176 autem
284 1128 411 1194 comes
437 1131 503 1203 pro
524 1107 654 1180 bona
645 1105 763 1203 rpsius
789 1106 999 1217 voluntate,
1028 1101 1254 1176 servicium'

134 1203 298 1276 fidele
266 1229 299 1276 er
318 1231 581 1303 remunerans
609 1208 645 1279 in
666 1207 828 1280 ecclesia
850 1204 971 1278 sancti
993 1199 1199 1278 Germani
1190 1227 1228 1274 m

134 1303 322 1380 Montibus
340 1305 628 1404 preposituram
648 1308 739 1381 etin
759 1306 921 1380 ecclesia
939 1316 1071 1378 sancte
1081 1305 1229 1377 Walde

91 1459 96 1468 .
134 1405 252 1478 trudis
273 1409 540 1489 custodiamet
503 1413 789 1509 etprebendam
808 1419 846 1482 et
869 1407 906 1480 in
927 1405 1089 1480 ecclesia
1108 1403 1229 1478 sancti

22 1503 40 1550 ¹.
136 1505 234 1578 Petri
248 1508 494 1583 Namurccnsi
511 1511 720 1584 custodiam
737 1521 775 1582 et
793 1511 1037 1607 prebendam,
1057 1517 1094 1580 et
1107 1505 1144 1578 in
1159 1507 1228 1577 Na-

21 1675 23 1678 .
67 1637 72 1647 ·
117 1628 326 1680 ¹murcensr
318 1608 502 1683 ecclesia
518 1613 636 1684 sancti
651 1611 782 1684 Albani
798 1611 1088 1708 preposituram,
1107 1616 1229 1679 custo-

136 1706 233 1778 diam
263 1719 301 1780 et
319 1713 562 1822 prebendam,
590 1722 628 1782 et
653 1710 689 1781 in
709 1710 935 1806 Sonegiensi
960 1709 1120 1782 ecclesia
1145 1731 1228 1805 pre-

32 1880 36 1890 ,
136 1811 311 1899 bendam7
331 1821 368 1883 et
386 1836 422 1881 m
443 1811 669 1885 Condatensi
689 1809 850 1883 ecclesia
870 1813 1112 1908 prebendam,
1136 1807 1228 1879 etin

135 1909 384 1983 Melbodien'si
413 1895 573 1985 ecclesia
601 1915 851 2010 prebendam,
876 1912 997 1984 eidem
1017 1910 1227 1984 Gisleberto

137 2011 344 2108 acquisivit
371 2010 1228 2126 InsuperapuddominumAibertumdeKuch,

21 2157 26 2212 2
136 2110 386 2184 Leodiensem
407 2113 668 2212 episcopum1
697 2113 841 2210 effecit,
868 2117 966 2212 quod
988 2114 1087 2187 idem
1110 2111 1228 2184 Gisle-

137 2215 264 2286 bertus
279 2213 316 2284 in
332 2214 578 2287 Namurcensi
598 2215 759 2288 ecclesia
774 2218 882 2288 beate
893 2215 1009 2286 Marie
1029 2213 1229 2308 abbatiam,

136 2313 172 2384 id
193 2323 251 2386 est
270 2314 395 2386 donat
370 2323 510 2388 tionem
529 2318 805 2413 prebendarum
825 2315 981 2388 obtinuit
967 2313 1229 2412 ttemp01e2.

21 2409 24 2454 ³
137 2414 198 2486 illo
217 2425 351 2512 treuge
365 2415 463 2489 inter
477 2416 653 2489 comitem
663 2417 945 2490 Hanoniensem
962 2441 1007 2490 ex
1018 2441 1096 2510 ¹una
1110 2425 1229 2513 parte,
1262 2412 1265 2418 ’

23 2557 24 2562 =
136 2527 175 2588 et
203 2520 336 2588 ducem
360 2516 637 2592 Lovaniensem
666 2529 703 2590 et
730 2516 905 2590 comitem
931 2518 1229 2591 Namurcensem

22 2629 26 2668 ὲ
138 2643 182 2690 ex
211 2616 282 2688 alia
309 2628 416 2714 parte
444 2622 667 2717 quandoque
695 2617 959 2715 firmabantur,
988 2645 1061 2717 que
1086 2629 1230 2691 coutra-

22 2763 24 2802 ÷
138 2718 315 2790 comitem
330 2719 611 2792 Hauoniensem
630 2720 729 2792 maie
746 2724 1055 2795 observabantur.
1092 2721 1228 2793 Comes

22 2891 24 2902 ,
138 2829 263 2891 autem
283 2819 535 2892 Hauoniensis
564 2825 609 2894 ad
636 2820 855 2894 mandatnm
874 2822 1013 2896 domini
1040 2822 1140 2919 regis
1160 2822 1231 2894 Ro·

22 2957 23 3000 3
138 2942 335 2992 manorum
363 2920 556 3017 adipsum
584 2921 777 2997 dominum
808 2923 1013 3036 festinans?
1047 2947 1117 3021 per
1144 2947 1231 2995 con·

22 3071 24 3106 2
138 3024 288 3094 ductum
314 3019 502 3092 Godefridi
527 3023 630 3094 ducis
657 3022 924 3119 Lovaniensisa
949 3024 1011 3120 qui
1036 3025 1121 3095 inde
1145 3029 1231 3121 pred

22 3119 24 3198 ἐ
141 3133 290 3218 ceptum
316 3119 457 3192 domini
482 3120 585 3218 regis
613 3123 867 3196 Romanorum
894 3124 1076 3216 habebat
1110 3147 1229 3220 usque

22 3219 25 3294 ξ
139 3219 284 3294 Viseis³
303 3245 416 3318 supra
441 3220 802 3295 Mosamttransivit
827 3246 912 3296 cum
940 3223 1164 3322 predictoF.
1185 3225 1230 3295 de

23 3335 25 3392 ζ
139 3323 252 3395 Husa.
295 3321 398 3395 lihnc
417 3348 485 3421 per
503 3327 725 3397 conductum
741 3324 910 3422 Hugoms
931 3324 1230 3404 mrirtrsdeWor

23 3427 25 3510 ὲ
141 3425 266 3520 matio,
287 3424 355 3519 qui
368 3435 506 3497 terram
526 3411 628 3498 illam
645 3450 689 3498 ex
710 3437 815 3524 parte
830 3426 970 3500 domini
988 3427 1090 3525 regis
1107 3431 1230 3500 custo·
1236 3470 1239 3476 ·

140 3525 283 3620 diebat,
307 3549 425 3622 usque
448 3527 564 3624 Aquis
584 3527 761 3624 palatium
781 3528 962 3600 transivit.
1013 3528 1080 3601 Cui
1099 3552 1228 3601 comes

23 3615 27 3718 ἱ
138 3626 356 3699 iuliacensis
376 3651 593 3725 occurrens,
612 3628 712 3700 illinc
731 3653 852 3727 usque
868 3621 1142 3704 Confluentiarn
1161 3653 1230 3726 per

23 3721 27 3844 1
140 3738 357 3824 preceptum
379 3727 516 3800 domini
538 3728 639 3824 regis
659 3753 745 3801 eum
772 3730 957 3803 conduxit.
1005 3731 1142 3804 Comes
1161 3731 1229 3802 ita-

23 3849 27 3876 (
139 3853 210 3926 que
226 3831 284 3904 die
299 3828 415 3962 tercia
430 3840 517 3902 ante
532 3830 655 3902 natale
667 3829 814 3904 Domini
829 3834 874 3904 ad
889 3831 1080 3955 dominum
1096 3855 1283 3961 regern22
1238 3830 1305 3888 ⁰⁰⁰·

144 4034 165 4102 1)
187 4037 516 4093 1193-1200Febr1
590 4040 617 4109 2)
639 4037 695 4094 Csr.
716 4040 832 4110 diploma
851 4039 969 4112 Pbrirppr
989 4039 1151 4094 marchionis
1170 4037 1228 4094 Na

142 4111 308 4164 mucensisa.
325 4111 396 4164 1198
415 4114 523 4174 datum,
550 4113 596 4165 ubi
617 4113 687 4166 inter
704 4123 785 4168 testes
805 4114 936 4166 ccclesiae
956 4113 983 4167 S.
998 4113 1100 4176 Mariae
1121 4111 1227 4168 Namu-

140 4182 225 4234 censis
254 4189 477 4238 commemoratur
505 4185 637 4242 Gutum
661 4188 751 4241 obdas.
789 4185 906 4242 Miraeus
926 4186 959 4242 11
983 4186 1062 4242 1204.
1093 4186 1158 4257 Reg.
1181 4188 1226 4240 34.

26 4254 31 4309 1
143 4254 171 4306 V.
192 4273 299 4328 quoque
320 4257 385 4328 {leg
405 4258 449 4311 to.
525 4260 550 4331 3)
574 4259 725 4316 ttecervet
745 4259 819 4314 Vise.
894 4259 920 4331 4)
940 4260 1014 4316 Meas
1035 4260 1141 4314 durius.
