3066 4788
379 417 656 520 canonicor
684 423 997 517 uauomnususs
1191 443 1239 516 ra

138 671 228 722 nem
247 647 353 719 fratri
371 669 441 718 suo
460 646 623 719 Roberto
641 643 799 718 Frisioni
825 647 894 718 sub
912 643 1121 716 intentione
1143 646 1242 717 bona

10 835 11 846 χ
138 747 341 844 commisit,
367 753 453 819 cum'
474 745 575 820 idem
595 748 780 820 Robertus
809 744 1064 842 etAruulpho
1095 753 1134 816 et
1161 743 1244 816 Bal·

10 851 20 936 ζ·
137 850 251 924 duino
275 848 484 921 hominium
508 857 547 921 et
569 846 822 920 iuramentum
846 844 1035 920 fidelitatis
1056 843 1243 918 exhibuis-

10 981 11 990 ¹
138 961 220 1046 set,
248 973 321 1048 que
350 959 484 1047 postea
498 947 594 1047 ipse
611 948 799 1022 Robertus
818 947 886 1021 Dei
906 945 964 1018 sui
984 947 1120 1020 oblitus
1139 945 1243 1044 peni·

138 1064 202 1126 tus
229 1051 392 1146 infregit.
445 1049 615 1123 Balduini
641 1049 815 1146 equidem
848 1047 1030 1146 sepedicti
1063 1044 1243 1145 principis

138 1151 287 1226 comitis
306 1150 478 1224 Flandrie
498 1160 536 1223 et
559 1149 730 1223 Hanonie
750 1173 887 1246 corpus
907 1149 1074 1221 defuncti
1099 1148 1135 1219 in
1150 1200 1151 1204 η
1164 1144 1340 1271 mom·¹

138 1252 307 1326 nasterio
326 1250 579 1346 Hanoniensi,
605 1252 702 1349 quod
722 1249 1025 1344 modificaverat,
1052 1248 1242 1346 sepultum
1268 1237 1305 1274 ¹¹·
1345 1257 1353 1272 ’

138 1353 240 1426 fuit1.
284 1351 471 1426 Robertus
492 1363 641 1448 autem,
667 1351 779 1424 miles
798 1351 993 1424 animosus
1015 1360 1052 1422 et
1070 1350 1106 1421 iu
1127 1349 1243 1421 armis

139 1465 301 1554 potens,
329 1455 396 1526 sed
425 1453 461 1524 in
491 1452 638 1526 malicia
658 1463 696 1526 et
718 1449 873 1550 perfidia
900 1451 1130 1545 obstinatum
1158 1473 1243 1522 cum

141 1580 254 1630 suum
280 1554 473 1627 dominum
502 1577 691 1650 suumque
719 1557 898 1652 nepotem
923 1552 1159 1650 Arnuiphum
1184 1574 1246 1622 co·

139 1655 274 1728 mitem
307 1655 485 1726 iuvenem
518 1664 557 1726 et
586 1654 799 1727 Flandriam
835 1655 993 1726 haberet
1029 1674 1246 1749 procurare,

141 1779 279 1830 omnes
299 1755 379 1828 fere
399 1754 545 1827 nobiles
563 1754 735 1828 Flandrie
756 1766 793 1828 et
819 1758 1023 1850 burgorum
1050 1752 1151 1825 vires
1177 1775 1245 1824 sue

141 1855 295 1931 attraxit
320 1855 523 1949 voluntati,
551 1855 794 1954 acceptisque
815 1857 859 1927 ab
883 1854 937 1926 eis
958 1853 1087 1926 dolose
1107 1851 1248 1926 securi-

10 1955 13 2048 }
100 2024 103 2027 a
140 1957 301 2052 tatibus,
330 1967 367 2030 et
387 1955 592 2029 dominium
611 1956 782 2030 Flandrie
802 1955 870 2029 sibi
890 1954 1041 2053 penitus
1063 1976 1246 2050 usurpare

10 2061 15 2092 '²
143 2068 182 2133 et
202 2058 396 2132 dominum
421 2065 532 2130 suutn
545 2057 780 2156 Arnulphum
803 2061 848 2130 ab
871 2055 1080 2128 hereditate
1094 2052 1247 2152 propria
1306 2103 1308 2106 -

143 2159 336 2256 expellere
355 2182 430 2229 nou
451 2158 655 2230 abhorruit.
697 2158 914 2255 Arnulpbus
940 2181 1029 2228 vero
1049 2159 1095 2229 ad
1114 2153 1245 2227 matris

144 2283 215 2334 sue
242 2257 431 2330 Richeldis
461 2258 654 2330 comitisse
682 2268 719 2330 et
743 2257 912 2329 Balduini
951 2255 1098 2329 fratris‘
1124 2255 1182 2326 sui
1211 2264 1247 2326 et
1258 2263 1289 2320 ‘t
1302 2264 1338 2316 2‘.

10 2437 16 2470 f
144 2358 326 2434 nobilium
345 2357 645 2430 Hanoniensium
674 2357 843 2454 confugit
870 2356 1068 2452 auxilium,
1093 2358 1139 2429 de
1159 2378 1248 2450 quo·

10 2473 14 2560 ᾗ
102 2496 104 2498 ·
143 2485 229 2534 rum
250 2458 407 2532 consilio
428 2462 473 2530 ad
493 2459 686 2532 dominum
707 2481 817 2532 suum
847 2469 884 2532 et
902 2459 1130 2530 avunculum
1150 2457 1249 2529 Hen-

10 2571 14 2594 ‘'
143 2559 292 2636 ricum²
310 2584 441 2657 regem
461 2559 690 2632 Francorum
710 2560 894 2657 transivit,
913 2559 974 2657 qui
994 2583 1080 2632 eum
1099 2557 1136 2629 in
1157 2556 1252 2629 miii-

145 2675 224 2737 tem
244 2661 333 2734 licet
351 2661 442 2734 satis
462 2661 639 2734 iuvenem
659 2661 852 2735 ordinavit.
904 2661 958 2732 Ad
984 2660 1057 2731 heo
1080 2658 1165 2756 ipse
1184 2681 1250 2728 rex

144 2765 376 2837 Francorum
403 2761 505 2834 iuxta
527 2761 805 2860 querimoniam
833 2761 1015 2858 Arnuiphi
1044 2760 1248 2833 Robertum

145 2863 383 2963 sepedictum
422 2865 467 2935 ad
503 2861 691 2936 iusticiam
728 2863 1032 2962 prosequendam
1070 2858 1250 2932 invitavit.

148 2967 336 3040 Robertus
362 2987 453 3038 vero
481 2966 528 3037 de
554 2962 635 3036 iure
662 2961 836 3036 diffidens
856 2963 986 3035 venire
1005 2960 1251 3060 contempsit3

152 3065 241 3140 etin
258 3087 326 3138 sua
342 3066 551 3158 perdurans
566 3062 774 3160 iniquitate,
793 3062 1003 3136 Flandriam
1020 3072 1148 3134 contra
1165 3085 1253 3132 con·

143 3167 292 3238 tinuam
320 3162 506 3236 Richeldis
536 3161 729 3234 comitisse
757 3173 796 3234 et
813 3162 1113 3233 Hanoniensium
1141 3159 1252 3256 guer-

151 3291 237 3340 ram
253 3275 290 3338 et
303 3256 644 3360 regisFra‘ncorum
658 3262 781 3334 minas
798 3261 867 3336 sibi
881 3261 1045 3335 retinere
1060 3285 1134 3332 non
1152 3259 1253 3332 dubi·

145 3366 252 3464 tavit.
306 3367 386 3438 Rex
414 3363 589 3462 equidem
616 3364 844 3438 Francorum
872 3362 1055 3461 Arnulphi
1087 3361 1254 3460 graviter

148 3470 279 3542 ferens
300 3466 646 3562 exheredationem,
674 3477 865 3538 commoto
884 3465 1064 3553 exercitu,
1089 3465 1126 3536 in
1145 3464 1254 3537 Flan-

151 3568 271 3644 driam
291 3567 588 3665 commoutpho
609 3577 646 3640 et
664 3566 844 3640 Richelde
872 3576 993 3638 matre
1019 3567 1100 3638 eius
1125 3575 1167 3637 vet
1192 3588 1254 3637 eo·

149 3695 235 3744 rum
256 3669 395 3742 viribus
416 3667 530 3740 venit.
581 3668 768 3742 Robertus
796 3677 923 3740 autem
949 3691 1034 3740 oum
1053 3666 1254 3739 Flandren·

151 3773 255 3846 sibus
288 3780 325 3842 et
350 3767 567 3842 Frisonibus
596 3793 641 3840 ao
667 3768 983 3842 Hellandensibus
1036 3766 1188 3839 Francis
1218 3775 1256 3836 et

149 3869 455 3946 Hanoniensibus
477 3869 679 3967 multisque
700 3871 857 3943 aliarum
877 3869 1077 3966 regionum
1097 3865 1256 3937 honrini-

153 3977 224 4048 bus
240 3995 440 4045 occurrere
455 3995 529 4043 non
548 3970 681 4044 timuit.
708 3971 903 4044 Exercitus
922 3970 1054 4068 itaque
1069 3966 1255 4064 utrimque

155 4157 181 4222 1)
201 4153 258 4211 cn.
278 4153 387 4209 Flaudr.
409 4173 491 4224 gener
510 4173 567 4209 sam
593 4154 612 4210 l.
634 4173 657 4208 o.
677 4172 704 4225 p.
723 4154 792 4208 321:
821 4153 967 4222 Destinatus
989 4151 1116 4222 siquidem
1141 4155 1168 4205 et
1185 4150 1258 4218 opud

154 4229 322 4284 Herdonium
340 4231 464 4300 sepultus,
494 4229 541 4282 ubi
569 4229 676 4282 codices
702 4227 855 4300 interpolati
881 4227 974 4280 classis
993 4223 1016 4279 B
1037 4225 1152 4277 addunt:
1176 4233 1203 4277 aa
1224 4221 1256 4275 D.

155 4303 235 4357 1070.
259 4303 301 4358 16.
317 4301 375 4358 isui.
395 4302 512 4376 Aequod,
533 4303 551 4360 i.
571 4320 595 4358 e.
616 4300 667 4356 lul.
689 4300 732 4355 17.
825 4301 853 4371 2)
872 4299 955 4353 immo
975 4315 1038 4354 reto
1059 4297 1210 4368 Phidippum
1231 4293 1252 4350 1.
1307 4315 1309 4318 ·
