3002 4790
320 435 393 509 254
722 430 1004 506 GlSLllBEllTl

40 624 119 715 1
229 651 310 710 11⁹³.
319 635 358 708 iu
377 635 548 708 Flandria
574 635 822 732 reclamabat,
847 659 962 748 super
982 634 1115 732 quibus
1135 659 1222 708 cum
1250 635 1286 710 ei
1321 634 1457 708 iusti·

170 767 171 770 ¹
319 735 418 809 ciam
444 759 573 811 comes
581 735 809 833 offerrets
799 760 881 836 ipse
907 733 1095 809 iusticiam
1121 735 1307 835 prosequi
1343 761 1449 810 con-

317 837 484 953 tempsit,
509 836 713 936 comitique
730 837 893 913 dedecus
911 846 949 911 et
973 835 1051 910 suis
1077 836 1295 910 hominibus
1320 838 1451 910 dam·

346 963 393 1012 na
419 938 558 1014 inferre
582 939 691 1038 cepit
745 937 883 1012 Comes
900 961 990 1012 vero
1010 937 1237 1036 sustinebat,
1263 948 1310 1011 ut
1343 937 1440 1036 ille,

317 964 444 1114 habito
464 1039 612 1115 meliori
631 1039 801 1136 consilio,
833 1039 995 1114 dedecus
1020 1038 1168 1112 illatum
1193 1041 1442 1115 emendaret
1476 1035 1477 1044 ³

319 1151 356 1215 et
380 1142 541 1242 dampna
567 1142 802 1236 restitueret,
828 1140 928 1214 illius
953 1150 1080 1214 autem
1109 1165 1260 1240 semper
1287 1166 1445 1216 creve-

317 1253 405 1316 runt
421 1243 620 1318 maleficia.
671 1243 777 1316 Unde
801 1266 949 1332 comeS,
981 1251 1211 1341 congregato
1231 1242 1438 1339 exercitu,

217 1380 219 1384 Α
317 1343 535 1420 firmitatem
555 1344 752 1417 Warcoin¹
772 1342 965 1418 succendit
988 1353 1026 1417 et
1049 1343 1174 1416 omnia
1193 1341 1297 1416 illius
1319 1345 1434 1417 bona

45 1443 63 1472 ”
317 1445 535 1519 devastavit.
574 1445 641 1520 Ille
661 1454 787 1518 autem
806 1470 873 1544 per
886 1443 1099 1528 Flandrianr
1114 1455 1152 1518 et
1164 1443 1434 1518 Brabanciam

317 1571 404 1619 cum
430 1547 561 1646 paucis
586 1545 733 1619 occulte
752 1545 942 1659 equitans,
968 1545 1141 1620 homines
1160 1543 1312 1618 comitis
1334 1571 1436 1646 spo

315 1646 432 1721 liabat
448 1651 560 1721 rebus
580 1647 658 1720 suis
677 1657 715 1721 et
733 1645 787 1721 eis
806 1647 925 1720 multa
944 1647 1106 1746 dampna
1124 1645 1298 1720 faciebat.

391 1747 534 1823 Eodem
552 1773 650 1822 anno
671 1747 823 1845 quidam
839 1747 1069 1822 Leodienses
1088 1747 1257 1821 canonici
1280 1773 1431 1822 mense

245 1861 306 1917 ou.
317 1847 487 1945 Octobri,
514 1849 676 1924 exclusis
696 1849 869 1922 omnibus
887 1848 961 1921 illis
981 1849 1043 1947 qui
1061 1848 1212 1922 domino
1231 1849 1424 1940 [rothario

316 1949 538 2026 fidelitatem
561 1951 748 2047 fecerant,
773 1949 941 2024 dicentes
968 1974 1034 2024 eos
1054 1974 1138 2025 esse
1157 1951 1425 2027 excommuni-

317 2061 435 2148 catos,
453 2051 671 2148 Symonem,
690 2006 810 2124 filium
830 2052 933 2125 ducis
953 2052 998 2125 de
1012 2051 1220 2124 Lernhorch
1224 2053 1428 2150 ,subdya-

317 2176 467 2249 conum,
490 2154 534 2226 16
549 2176 668 2226 annos
683 2153 896 2250 habentem,
914 2164 994 2226 tam
1012 2152 1169 2227 scientia
1183 2178 1295 2251 quam
1312 2165 1426 2228 etate

136 2273 137 2276 ’
239 2261 306 2317 Nov
279 2278 513 2389 mmorem,
533 2280 570 2326 m
585 2278 805 2353 episcopum
819 2249 1027 2351 elegerun
1047 2279 1158 2352 quem
1173 2254 1357 2327 dommo
1347 2281 1419 2328 rm-

38 2353 80 2396 'l''‘'
262 2337 480 2454 ¹³·perat0ri
493 2355 610 2453 Aquis
624 2355 764 2470 palatio
779 2353 1125 2454 presentaverunt
1145 2381 1207 2453 qur
1198 2355 1310 2429 illuc
1326 2381 1415 2429 cum

315 2456 446 2554 paucis
463 2467 619 2530 venerat
637 2455 872 2555 insipienter,
901 2466 938 2530 et
955 2456 1009 2528 illi
1028 2457 1142 2529 duces
1162 2456 1278 2554 quiin
1297 2458 1421 2555 parti-

315 2559 384 2628 bus
403 2555 525 2628 illis
490 2581 590 2630 vires
608 2581 767 2655 magnas
786 2557 985 2653 habebant,
1002 2556 1093 2630 illuc
1111 2581 1197 2630 cum
1216 2557 1345 2630 multis
1363 2559 1412 2631 ad

314 2657 439 2756 ipsum
458 2669 709 2732 accesserunt.
754 2657 832 2731 Rex
860 2667 986 2730 autem
1009 2658 1217 2758 Anglorum
1242 2661 1410 2732 nundum

316 2783 425 2832 suam
438 2760 737 2856 redemptionem
751 2759 996 2858 persolverat,
1017 2761 1114 2834 unde
1130 2770 1327 2858 argentum
1340 2785 1413 2859 per

314 2871 456 2934 terram
474 2861 625 2934 illorum
644 2861 781 2932 ducum
799 2859 960 2934 transire
980 2862 1188 2958 oportebat.
1225 2860 1406 2934 Dominus

316 2970 443 3034 autem
461 2960 667 3060 imperator
683 2960 822 3034 timens
835 2962 934 3035 vires
954 2962 1090 3034 ducum
1108 2961 1273 3054 illorum,
1293 2973 1328 3036 et
1345 2973 1405 3035 ou-

314 3061 421 3162 piens
444 3062 590 3160 argenti
609 3063 666 3135 sui
687 3087 863 3136 securum
881 3062 1093 3158 transitum,
1113 3062 1269 3159 Symoni
1288 3063 1402 3137 electo

315 3163 476 3263 gratiam
495 3188 603 3237 suam
622 3163 814 3238 inclinavit
832 3175 869 3237 et
888 3189 975 3238 eum
1000 3164 1191 3263 regalibus
1210 3163 1402 3262 investivit,

316 3265 656 3340 contradicentibus
669 3266 822 3338 Alherto
843 3265 887 3338 de
907 3264 1036 3338 Retest
1054 3265 1197 3339 maiore
1215 3265 1401 3364 preposito

316 3377 353 3439 et
372 3366 656 3463 archydyacono
685 3377 723 3441 et
739 3366 892 3438 Alberto
912 3365 957 3438 de
977 3365 1102 3439 Cuch³
1121 3365 1397 3462 archidyacono,

316 3464 364 3538 Ot
349 3477 453 3567 ttone
472 3469 517 3542 de
535 3467 723 3541 Falconis·
724 3467 851 3539 Monte
872 3465 1159 3563 archidyacono,
1183 3466 1339 3566 Hugoue
1356 3467 1398 3540 de

314 3567 381 3641 Pet
367 3555 539 3667 treponte
555 3566 828 3662 archidyacono
844 3567 1275 3664 multisqueLeodiensis
1290 3569 1397 3643 eccle-

316 3667 370 3742 sie
401 3666 627 3744 οιιιιοιιὶοἰε4
681 3666 824 3763 Symon
854 3679 982 3743 autem
1013 3670 1109 3744 elect
1095 3681 1155 3742 tus
1187 3695 1255 3768 pro
1287 3669 1396 3768 gratia
1475 3675 1477 3728 l

316 3771 456 3844 domini
474 3769 713 3867 imperatoris
732 3769 902 3844 habenda
921 3780 1068 3868 partem
1086 3794 1207 3867 suam,
1235 3797 1342 3868 quam
1361 3769 1395 3842 in

314 3871 490 3946 Traiecto
502 3869 569 3943 de
559 3895 640 3944 rure
655 3869 859 3970 episcopali
877 3871 1051 3968 habebat,
1070 3871 1214 3946 scilicet
1231 3871 1395 3946 medieta-

313 3985 392 4048 tem
411 3983 448 4047 et
464 3971 593 4078 villam
610 3971 837 4047 Berthehem
860 3998 978 4072 prope
996 3973 1268 4072 Wormaciam,
1293 3998 1392 4071 quam
1476 4047 1477 4070 ,

221 4145 228 4150 ’
317 4159 342 4228 1)
362 4155 521 4228 Warcoing,
547 4156 701 4226 provinciae
727 4155 923 4220 Bononiensis,
953 4161 1005 4212 arr.
1026 4161 1060 4212 de
1080 4157 1208 4212 Tournai.
1300 4154 1393 4226 llsslr.
1475 4133 1477 4208 1

315 4230 450 4292 lamberti
470 4229 548 4285 Parvi
567 4233 638 4286 Auu-
658 4229 697 4287 M.
717 4229 751 4286 G'.
771 4229 821 4284 SS.
841 4229 917 4292 XVl,
938 4231 1000 4286 650.
1084 4231 1110 4304 3)
1131 4229 1245 4286 Allecto
1266 4233 1299 4284 de
1315 4228 1391 4301 Coyl.
1476 4253 1477 4286 t

315 4303 341 4377 l)
362 4301 418 4358 cu.
438 4304 534 4375 Aegid.
554 4304 724 4360 Aureaevall.
746 4306 762 4358 l.
783 4323 806 4359 c.
826 4321 852 4374 p.
870 4301 931 4358 185.
