3002 4790
937 153 1031 326 (a,

307 373 586 481 cunonrcon
611 404 934 480 uauonrrusu.
1097 389 1169 480 aaa

48 608 268 684 dominum
297 608 529 683 Willclmum
568 607 794 684 Remensem
829 599 1261 706 archiepiscopumque.

37 709 242 784 'Romane
261 709 421 784 ecclesie
439 709 686 806 cardinalem,
712 709 919 808 apostolice
942 708 1042 782 sedis
1066 708 1169 806 lega·

51 821 178 907 tum,
192 821 230 886 el
253 809 446 883 dominum
465 810 672 888 Iohannem
692 810 1006 884 Cameracensem
1020 809 1168 907 episco

54 935 161 1011 pum
191 922 238 1002 et
247 911 440 984 domiuum
464 911 669 986 lobannem
688 910 960 986 Treverensem
987 908 1168 1008 archiepi-

54 1035 231 1112 scopum
257 1022 294 1088 et
321 1011 401 1086 eius
426 1011 780 1185 sutffraganeosut
738 1010 862 1084 utilli
888 1010 1081 1085 dominum
1099 1009 1167 1106 Sy-

58 1135 227 1186 monem
254 1123 494 1209 amonerent,
531 1112 706 1210 quatinus
731 1112 796 1186 ille
822 1135 976 1225 prorsus
1004 1112 1165 1208 cederet,

55 1214 171 1310 quod
198 1212 230 1285 si
253 1214 379 1288 facere
405 1214 538 1304 nollet
571 1238 658 1288 eum
683 1211 1063 1288 excommunicarent.
1108 1211 1165 1284 llli

59 1324 198 1388 autem
218 1313 413 1387 dominum
431 1313 648 1410 Symonem,
674 1337 788 1414 super
815 1313 888 1388 hoc
913 1312 1004 1386 satis
1023 1312 1166 1402 amoni·

60 1425 151 1486 tum
178 1439 248 1488 nec
272 1415 406 1489 cedere
433 1415 644 1508 volentem
681 1413 1101 1488 excommunicaverunt
1127 1423 1199 1487 et

60 1514 151 1588 eius
171 1514 394 1688 complices„
421 1515 508 1613 quia
526 1515 606 1590 eius
626 1514 759 1588 electio
780 1525 928 1606 cassata
948 1524 1006 1589 est
1023 1539 1044 1587 a
1063 1537 1163 1588 sum·

62 1639 130 1688 mo
151 1615 256 1713 ponti
287 1638 342 1710 ce,
361 1641 470 1713 aquo
490 1641 564 1690 non
584 1615 717 1688 electio
738 1617 803 1690 sed
821 1615 986 1689 violenta
1003 1613 1160 1687 intrusio

61 1716 273 1789 dicebatur

144 1816 287 1890 Eodem
309 1837 419 1912 anno,
439 1839 570 1890 mense
592 1787 816 1916 Septembri
843 1815 1058 1914 sepedictus
1078 1814 1162 1887 Bal·
1148 1825 1249 1900 msepr

63 1916 205 1990 duinus
221 1940 349 1991 comes
363 1915 601 1989 Flandrensis
617 1928 654 1989 et
667 1915 917 1990 Hauonicnsis
937 1925 974 1990 et
991 1914 1160 1988 marchio

65 2017 357 2114 NamurceusiS‚
384 2016 469 2114 quia
495 2015 704 2090 insularum
731 2017 961 2090 marinarum
988 2015 1161 2090 homines

69 2117 141 2190 sibi
160 2117 386 2191 rebellantes
405 2117 569 2192 debitam
588 2117 621 2192 ei
640 2118 890 2192 reverentiam
908 2127 946 2191 et
957 2115 1162 2191 subiectio·

66 2243 157 2292 nem
188 2218 364 2293 exhibere
390 2221 595 2332 negabant
631 2217 809 2291 instinctu
835 2217 983 2292 comitis
1009 2216 1163 2290 Hollan·

66 2317 208 2415 densis
236 2344 297 2417 qur
288 2318 557 2392 in'sularum
549 2343 716 2416 ipsarum
739 2319 982 2392 medietatem
1009 2317 1160 2416 abipso

67 2418 208 2500 comite
233 2419 270 2492 in
294 2420 405 2494 feodo
423 2419 515 2517 ligio
536 2421 703 2514 tenebat
731 2418 936 2492 exercitum
961 2419 989 2490 F
991 2418 1162 2492 landren·

68 2545 151 2594 sem
170 2532 309 2595 contra
324 2521 497 2594 homines
521 2519 608 2593 illos
627 2519 744 2593 movit
771 2519 868 2594 etin
897 2508 1035 2595 eodem
1058 2544 1161 2592 exer-

69 2621 144 2694 citu
171 2622 355 2719 quosdam
381 2621 640 2694 Hauonienses
667 2645 796 2694 secum
824 2621 972 2716 habuit3
990 2623 1055 2694 sed
1074 2645 1162 2693 ven·

72 2723 118 2793 tis
154 2721 223 2794 sibi
257 2721 474 2816 contrariis,
510 2731 597 2817 post
631 2721 785 2819 longam
813 2739 961 2794 moram
986 2721 1023 2794 in
1050 2719 1093 2792 lit
1078 2731 1160 2794 tore

13 2887 15 2892 ,
74 2823 251 2894 factamt
236 2821 396 2894 transire
421 2821 613 2917 dubitans,
640 2820 725 2896 inde
744 2823 789 2893 ad
813 2821 961 2936 propria
987 2843 1160 2894 reversus

74 2932 139 2996 est.
185 2921 386 2994 luterim'
355 2945 434 2995 erus
454 2945 545 2993 uxor
563 2919 776 3020 Margareta
794 2922 984 2996 comitissa
1003 2922 1039 2994 in
1059 2945 1162 2994 man-

73 3021 173 3096 sione
198 3045 266 3094 sua
291 3047 407 3121 prope
424 3021 592 3119 brugas
621 3047 694 3118 que
711 3023 810 3094 llllala
828 3021 973 3149 dicitur,
998 3022 1162 3119 graviter

75 3122 265 3220 egrotavit

147 3223 303 3300 Predicti
330 3217 556 3297 Leodienses
591 3220 759 3296 canonici
791 3221 836 3294 de
870 3219 992 3319 gratia
1024 3220 1161 3294 summi

80 3348 148 3422 pon
149 3323 298 3420 tificis,
290 3348 404 3395 rmmo
424 3323 496 3398 de
487 3347 568 3396 rure
587 3332 755 3421 agenteS,
776 3322 820 3394 ad
840 3321 1032 3398 dominum
1051 3320 1162 3395 comi·

80 3436 151 3497 tem
169 3423 353 3497 Montibus
373 3435 631 3520 accesserunt
657 3423 716 3496 cul
741 3423 810 3496 soli
830 3421 953 3497 comiti
974 3448 995 3495 a
1014 3447 1161 3496 summo

13 3527 17 3594 5
82 3524 247 3624 pontifice
262 3525 374 3599 totius
386 3523 949 3637 episcopatusLeodrensrscura
961 3547 1162 3598 commissa

83 3636 166 3721 erat
186 3650 271 3698 cum
291 3625 460 3699 dominus
479 3651 577 3724 papa
596 3627 633 3697 in
651 3626 714 3698 illo
732 3629 867 3699 bonam
886 3624 986 3698 circa
1003 3625 1087 3698 iura
1105 3648 1163 3699 ec-

83 3727 284 3802 clesiastica
310 3727 543 3800 devotionem
574 3738 611 3800 et
642 3725 877 3839 prudentiam
908 3735 1163 3826 cognosceret

13 3829 14 3872 ῑ
82 3828 298 3928 illiusque
266 3852 363 3902 vires
383 3828 428 3902 ad
454 3829 698 3901 removendos
716 3785 976 3902 violentorum
990 3827 1164 3922 insultus7

85 3929 207 4024 quibus
238 3927 454 4003 Leodiensis
486 3927 646 4003 ecclesia
677 3927 843 4026 graviter
871 3928 1164 4041 opprimebatur,

13 4091 15 4110 ι
87 4029 167 4102 satis
189 4030 422 4106 sufficientes
442 4029 662 4142 perciperet.
706 4028 801 4128 Ipsis
821 4039 946 4102 autem
958 4053 1055 4142 sepe
1059 4027 1165 4102 (lictis

13 4145 14 4188 l
87 4127 262 4243 preposito
284 4142 322 4205 et
343 4128 624 4226 archidyaconis
644 4138 684 4203 et
699 4155 828 4204 eorum
848 4125 964 4202 sociis
977 4128 1165 4203 canonicis

13 4297 15 4318 ἦ
87 4229 339 4306 Leodiensibus
371 4243 539 4332 potestas
570 4230 732 4332 eligendi
754 4231 981 4331 episcopum
1018 4239 1167 4305 servata
