3066 4788
370 413 645 520 cnnomcon
674 443 988 520 nnnomnnsn.
1182 447 1229 520 or

126 641 261 716 maiori
282 653 320 716 et
338 643 483 717 meliori
502 655 622 742 parte,
648 643 773 742 itaque
800 647 996 718 domorum
1017 650 1229 720 combusta-

126 768 209 816 rum
229 744 382 817 fuerunt
400 744 548 818 circiter
566 756 725 843 quatuor
742 744 855 817 mitia.

201 844 389 942 Tempore
414 845 476 917 ino
502 845 695 944 Philippus
730 868 859 919 comes
885 845 1069 940 Flandrie,
1100 846 1226 920 habito

126 939 311 1042 colloquio
331 956 368 1020 et
387 969 577 1019 consensu
599 969 684 1018 cum
704 945 838 1018 illustri
862 946 999 1021 comite
1018 947 1225 1046 Campanie

122 1043 286 1117 Henrioo
322 1087 368 1100 —
405 1047 467 1143 qui
504 1046 656 1144 quidem
690 1045 876 1119 Henricus
909 1046 1088 1119 Ludovici
1121 1047 1246 1145 regis

119 1143 351 1220 Francorum
370 1143 484 1219 filiam
506 1150 551 1220 de
571 1147 691 1246 prima
711 1147 809 1219 illius
829 1170 945 1219 uxore
958 1147 1121 1221 habebat
1136 1171 1224 1220 uxo·

112 1267 217 1336 rem,
237 1246 342 1320 cuius
364 1247 485 1320 eciam
505 1271 675 1320 sororem
694 1246 777 1344 ipse
797 1271 864 1320 rex
883 1247 1045 1320 habebat
1066 1271 1222 1321 uxorem

119 1345 277 1419 terciam
307 1387 352 1400 -
381 1348 704 1422 matrimoniorum
738 1346 1009 1422 conventiones
1042 1372 1128 1420 oum
1159 1347 1221 1420 iilo

118 1443 296 1543 firmavit,
314 1446 365 1519 ita
382 1448 532 1545 quidem
549 1451 647 1547 qnod
663 1448 782 1546 ipsius
798 1447 949 1521 Henrici
964 1449 1108 1547 primus
1122 1447 1220 1524 filius

118 1544 307 1618 Henricus
322 1547 526 1644 Elizabeth,
541 1548 710 1622 balduini
725 1548 979 1622 Hanoniensis
996 1561 1033 1621 et
1046 1549 1220 1645 Margha·

120 1655 201 1718 rete
215 1644 346 1742 filiam,
359 1657 448 1720 tunc
464 1650 642 1746 puellam,
656 1650 815 1722 haberet
828 1649 998 1745 uxorem,
1016 1649 1219 1722 Baldninus

117 1757 260 1840 antem,
285 1747 456 1820 Baldnini
482 1759 518 1820 et
542 1749 781 1844 Margharete
806 1747 902 1821 filius
922 1750 1116 1846 parvulus,
1143 1750 1219 1821 Ma-

117 1845 227 1943 riam,
252 1847 405 1920 Henrici
431 1848 579 1921 comitis
602 1846 732 1942 filiam,
759 1849 917 1922 haberet
935 1871 1105 1944 uxorem,
1133 1872 1218 1921 cnm

116 1947 265 2045 utrique
280 1950 325 2020 ad
340 1973 461 2022 annos
477 1949 623 2022 nubiles
638 1949 891 2046 pervenirent.
927 1948 966 2022 si
985 1949 1068 2046 quis
1088 1958 1217 2022 autem

115 2048 304 2145 utrimque
320 2047 479 2122 filiorum
495 2062 582 2123 ante
597 2072 717 2122 annos
733 2049 879 2122 nubiles
894 2052 1107 2146 decederet,
1123 2049 1219 2123 alter

115 2143 214 2220 fitius
235 2160 432 2245 superstes
452 2152 595 2248 primus
610 2150 647 2222 in
662 2150 902 2221 matrimonio
917 2149 969 2221 itti
984 2152 1216 2223 succederet.

115 2245 155 2319 Si
171 2271 244 2344 qua
260 2257 387 2321 autem
403 2252 448 2321 de
461 2248 607 2322 filiabus
624 2249 825 2321 nominatis
840 2249 989 2322 interim
1002 2252 1216 2343 decederet,

114 2346 188 2418 alia
221 2359 417 2445 superstes
451 2347 526 2421 filia
556 2349 592 2420 in
629 2349 868 2422 matrimonio
900 2347 951 2420 illi
983 2349 1215 2422 succederet.

114 2449 394 2522 Conventiones
419 2460 545 2521 autem
565 2448 628 2522 ille
648 2449 684 2520 in
705 2461 811 2546 parte
830 2450 982 2521 fuerunt
1000 2454 1213 2544 observate,

114 2559 152 2620 et
170 2559 255 2646 post
273 2548 410 2621 'multa
428 2547 640 2622 iuramenta
659 2549 695 2621 in
716 2561 821 2648 parte
841 2574 1094 2648 nequaqnam,
1117 2548 1262 2624 sicut·t
1276 2569 1321 2626 28.

112 2648 150 2719 in
170 2650 488 2748 subsequentibus
508 2651 660 2723 dicetur.

189 2751 330 2822 Eodem
350 2775 463 2842 anno,
490 2761 663 2848 tempore
689 2749 909 2845 autumnali,
936 2749 1122 2824 Henricus
1153 2775 1212 2823 co·

112 2871 195 2921 mes
210 2850 479 2924 Namurcensis
496 2862 534 2924 et
545 2851 824 2924 Lusceleborch
843 2855 888 2924 ab
903 2850 1117 2924 bominibus
1133 2852 1211 2925 suis

111 2947 209 3045 ligiis
248 2961 285 3023 et
316 2977 338 3024 a
368 2951 500 3023 vicinis
526 2962 630 3024 tanta
656 2952 897 3024 traditionum
924 2962 961 3024 et
988 2976 1210 3048 guerrarum

32 3053 34 3056 ’
111 3049 361 3148 oppressione
387 3051 425 3122 in
450 3063 551 3122 terra
576 3054 622 3124 de
642 3050 919 3124 Lusceleborch
940 3062 1128 3123 coartatus
1148 3055 1210 3124 de·

110 3149 311 3245 tinebatur,
338 3151 437 3247 quod
465 3160 630 3221 castrum
649 3149 940 3243 Lusceleborch,
968 3174 1015 3220 ne
1034 3151 1122 3222 illud
1143 3175 1211 3247 per

110 3249 349 3323 traditionem
368 3249 533 3347 aliquam
554 3250 588 3322 ei
614 3249 883 3347 subriperetur,
915 3247 1017 3321 exire
1041 3249 1209 3322 timebat.

111 3350 177 3425 Cui
193 3374 312 3448 nepos
329 3375 421 3424 suus
435 3349 654 3445 Baldninus,
669 3350 815 3423 comitis
826 3349 1082 3422 Hanoniensis
1097 3349 1208 3446 filius,
1285 3359 1297 3376 ”

110 3455 195 3524 cum
215 3453 290 3526 300
307 3451 486 3525 militibus
509 3463 546 3524 et
568 3451 723 3524 totidem
748 3450 998 3525 servientibus
1022 3450 1207 3548 equitibus

109 3552 383 3650 superveniens
404 3551 441 3624 in
463 3552 623 3650 propriis
645 3551 836 3650 expensiS,
862 3552 1125 3625 terramillam
1144 3578 1208 3625 vo-

107 3653 239 3726 luntati
267 3677 336 3726 sue
362 3651 543 3748 restituit,
571 3663 737 3726 castrum
761 3652 1020 3749 Bretenghes¹
1049 3653 1207 3749 obsedit,

2 3789 10 3831 ·.
108 3758 384 3852 obsessumque
417 3765 455 3826 et
478 3753 643 3850 graviter
667 3777 893 3852 oppressum
919 3753 1102 3852 appositis
1130 3778 1208 3827 ma·

107 3854 226 3927 chinis
241 3855 279 3926 in
293 3854 433 3928 viribus
449 3855 604 3926 snorum
624 3855 722 3951 cepit
742 3865 779 3927 et
796 3858 1010 3952 prostravit,
1030 3865 1068 3928 et
1083 3865 1205 3928 terras

108 3978 252 4051 eornm,
280 3956 341 4053 qni
360 3955 545 4028 avunculo
565 3958 963 4050 suoadversabantur,
992 3955 1112 4052 usque
1131 3954 1207 4026 Me·

106 4055 170 4127 tim
183 4055 387 4152 civitatem,
401 4056 526 4154 predis
542 4056 763 4154 acceptiset
777 4057 865 4154 igne
880 4056 1067 4154 apposito,
1081 4057 1205 4128 vastass

105 4155 168 4231 vit.
186 4154 231 4227 ln'
242 4159 315 4254 qno
331 4157 496 4231 'exercitu
512 4181 596 4230 oum
609 4157 695 4255 ipso
705 4157 884 4232 Baldnino
901 4158 1052 4230 fuerunt
1066 4155 1203 4231 milites

107 4281 131 4353 1)
150 4280 316 4353 Brettiugen.

925 4361 947 4430 7
