840 1271
199 138 223 156 ΔΒ
402 137 544 156 GISLEBERTI

198 190 271 212 runtur,
284 194 321 212 que
330 188 406 212 quidem
417 188 467 213 giste
475 188 505 206 vel
514 188 604 213 personia
613 188 701 207 dicuntur
709 188 749 207 vul-

198 213 275 238 gariter,
284 213 340 232 debet
349 213 425 231 omnino
435 213 516 232 liberare
525 216 544 232 et
565 219 586 231 ro
597 213 678 232 ecclesia
688 214 748 232 exsol-

199 244 247 257 vere.
263 238 299 256 Per
307 239 344 257 hoe
353 241 372 257 et
381 238 466 257 canonici
474 238 538 256 Sancti
546 220 641 261 germani,
651 241 748 263 tamquam

198 264 253 282 beate
261 263 388 282 Waldetrudis
404 263 507 288 capellani,
528 264 551 281 ab
567 263 603 282 hiis
619 263 748 282 exactionibus

198 288 307 307 liberantur.
334 288 354 307 Si
366 288 453 307 dominus
463 294 527 307 comes
537 288 663 307 Hanoniensis
672 294 707 307 seu
717 289 748 307 ali-

198 313 240 338 quis
247 314 295 332 alius
302 314 340 332 vim
347 314 430 338 aliquam
439 314 469 332 vel
478 313 566 332 iniuriam
575 314 659 332 intulerit
668 313 748 332 ecclesie

198 339 252 358 beate
261 339 395 363 Waldetrudis,
409 339 454 357 licet
466 339 567 357 conventui
578 340 601 358 ab
612 339 679 357 officiis
689 339 747 357 eccle-

198 364 279 383 siasticis
295 370 380 388 cessare,
393 367 412 383 et
424 364 501 388 insuper
514 364 532 382 in
548 370 582 382 sua
598 364 747 389 proclamatione

198 395 267 414 eorpus
276 390 331 408 beate
339 389 466 408 Waldetrudis
476 389 499 407 ad
508 391 579 407 terram
588 389 689 414 deponere,
703 395 747 413 quo-

198 420 258 438 usque
267 420 325 439 super
333 414 406 432 iniuriis
415 414 473 432 illatis
486 414 522 439 ipsi
534 414 615 433 ecclesie
628 414 747 432 satisfactum

197 439 259 458 fuerit.
270 439 332 464 Super
337 439 454 464 depositione
459 439 544 464 corporis
549 439 669 458 sanctissime
673 439 747 458 Walde-

197 464 257 482 trudis
271 464 331 483 multa
348 467 367 483 et
384 464 458 483 concita
474 464 627 483 malefactoribus
644 470 667 483 ex
685 464 747 483 divina

197 489 269 508 ultione
279 490 343 518 sepius
356 492 459 508 evenerunt
471 492 576 518 tormenta,
590 489 615 508 ita
627 490 676 514 quod
690 488 747 508 nichil

197 514 311 543 impunitum
324 514 342 533 in
352 515 388 533 hoc
398 514 463 533 seculo
473 514 588 533 remansisse
597 514 658 533 visum
668 514 698 533 sit<
720 515 747 533 Ne

197 539 284 558 dominus
294 545 358 558 comes
368 546 402 568 per
411 539 545 558 advocatiam
540 546 559 558 m
572 539 680 558 nemoribus
692 540 747 558 beate

196 564 323 583 Waldetrudis
337 564 406 589 aliquid
419 565 489 583 habeat
501 565 614 589 reclamar7e
629 565 747 589 assignatum

197 592 226 608 est
240 589 256 608 ei
270 596 337 608 nemus
351 590 451 608 Montense
464 590 482 608 in
496 590 637 614 proprietatem.
664 590 746 608 Donatio

196 615 316 643 prepositure
323 615 387 633 Sancti
395 615 484 633 Germani
492 615 514 633 ad
522 615 619 633 dominum
627 615 716 633 comitem
723 615 746 633 de

197 640 237 658 iure
247 640 321 658 abbatie
330 640 416 665 pertinet,
426 641 452 658 ita
461 640 525 664 quod'
520 646 560 665 ipse
570 640 681 668 prepositus
687 643 706 659 et
715 641 746 658 ab·

196 664 274 689 batiam
283 665 301 683 id
309 667 339 684 est
345 665 415 683 donum
425 665 569 690 prebendarum,
579 668 597 683 et
606 665 746 694 preposituram

197 693 216 708 et
225 690 331 708 custodiam
345 693 364 708 et
377 690 494 708 advocatiam
508 693 602 709 terrarum
615 693 634 709 et
647 690 745 709 hominum

196 716 231 733 sub
239 721 276 733 una
283 721 340 733 manu
348 718 367 733 et
373 721 410 733 uno
418 715 502 733 hominio
510 722 521 734 a
528 715 604 734 domino
612 715 681 734 comite
688 718 745 734 tenet.

195 740 223 758 Ad
237 740 354 765 prepositum
364 740 428 758 Sancti
438 740 527 759 Germani
537 741 672 759 canonicorum
681 736 759 759 Sancti

196 765 285 783 Germani
293 768 312 783 et
318 765 403 783 omnium
411 765 523 784 clericorum
531 766 666 794 cuiuscumque
674 765 746 784 ordinis

195 790 214 808 in
227 790 321 808 Montibus
335 790 451 809 manentium
464 791 546 819 pertinet
559 791 644 814 iusticia
660 791 745 815 exceptis

195 815 291 834 canonicis
296 816 350 834 beate
354 816 481 835 Waldetrudis
488 823 519 841 qui
527 823 561 841 per
565 816 682 841 prepositum
690 816 746 834 beate

194 840 321 859 Waldetrudis
331 844 350 860 et
372 847 393 860 er
402 841 505 869 capitulum
514 841 620 859 iusticiam-li
629 843 678 858 sunt.
702 841 747 859 Pre-

194 866 267 890 positus
277 866 341 884 Sancti
351 848 379 884 ge
369 872 441 884 erinani
451 868 469 884 et
478 865 586 890 prepositus
599 865 628 883 vel
641 865 745 893 preposita,

194 872 259 909 1ἐιιεῑοιτ,
271 891 302 909 vel
311 891 417 909 custodissa
427 891 481 910 beate
490 889 617 908 Waldetrudis
626 889 702 908 domino
714 896 746 908 co-

194 915 241 939 miti,
253 918 344 940 tanquam
353 915 422 944 abbati]
431 915 536 933 hominium
546 917 564 933 et
573 915 683 933 fidelitatem
693 915 746 933 exhi-

194 940 239 958 bere
248 941 322 965 debent,
332 941 394 959 unde
390 947 408 959 in
417 940 477 965 ipsius
486 940 537 958 curia
547 946 590 958 cum
598 940 641 959 viris
651 940 745 959 nobilibus

193 965 261 984 iudicia
269 968 288 984 et
294 965 402 984 testimonia
409 968 490 990 possunt
498 966 588 990 proferre.
602 965 660 984 Multa
668 966 744 990 quidem

194 993 212 1009 et
222 991 258 1009 alia
269 993 313 1009 sunt
322 991 376 1009 beate
383 991 510 1009 Waldetrudis
520 991 567 1015 iura,
577 991 599 1009 de
609 991 676 1015 quibus
686 991 743 1009 modo

193 1022 231 1034 non
241 1018 270 1034 est
279 1015 378 1034 dicendum
388 1022 421 1040 per
431 1016 511 1041 singula.
533 1017 621 1034 Attamen
631 1022 668 1034 non
679 1018 707 1034 est
717 1018 746 1034 ta>

193 1041 273 1059 cendum
283 1041 326 1065 quid
338 1041 427 1060 acciderit
436 1041 463 1060 eis
473 1042 504 1066 qui
514 1041 598 1059 ordinem
608 1041 743 1059 canonicarum

193 1066 247 1084 beate
262 1066 388 1085 Waldetrudis
404 1067 422 1085 in
439 1067 496 1085 alium
512 1066 596 1085 ordinem
614 1069 745 1085 transmutare

193 1093 358 1116 attemptaverunt.
