3002 4790
1225 17 1485 210 ’Ἰ

319 397 392 470 228
723 392 1005 467 GlSLEBERTl

228 595 522 694 rtetimperator
547 604 585 668 et
612 593 830 692 imperatrix
855 594 1032 668 comitem
1052 595 1346 670 Hanoniensem
1383 621 1462 671 se·

317 696 402 794 pius
437 706 666 793 rogaverant
699 705 738 766 et
772 706 1014 791 monuerant,
1056 707 1095 768 ut
1132 697 1163 769 si
1190 699 1455 796 quandoque

316 796 558 895 episcopatus
584 795 803 869 Leodiensis
842 808 1011 893 vacaret,
1047 797 1150 868 illum
1178 821 1454 897 quocumque

317 899 428 969 modo
452 898 596 969 faceret
624 896 722 993 eligi.
766 896 975 969 Laborabat
1003 897 1123 970 eciam
1143 921 1273 970 comes
1292 899 1451 972 Hano-

316 997 472 1095 niensis,
494 997 660 1070 marchio
675 997 958 1094 Nemorcensis,
978 1021 1044 1094 pro
1064 998 1299 1095 promotione
1319 1001 1447 1072 wal-

316 1099 391 1171 ceri
411 1098 700 1173 Cameracensis
720 1098 953 1194 cancellarii,
973 1099 1220 1195 compatriote
1239 1099 1313 1195 sui,
1336 1125 1445 1198 pro·

316 1225 389 1297 quo
418 1200 590 1272 dominus
617 1199 823 1296 imperator
851 1199 971 1270 eciam
1001 1223 1086 1272 eom
1124 1210 1352 1296 rogaverat,
1398 1213 1444 1274 et

315 1301 545 1400 profillorum
564 1299 798 1398 promotione
810 1299 1076 1390 Gislebertum,
1097 1301 1273 1371 clericum
1290 1323 1438 1397 suom,

314 1404 554 1474 Montensem
578 1399 826 1498 prepositum,
854 1402 899 1471 ad
926 1400 1119 1472 dominum
1145 1401 1436 1498 imperatorem

316 1526 399 1573 cum
428 1502 509 1600 ipso
538 1500 761 1572 cancellario
784 1499 1001 1572 transmisit.
1055 1501 1125 1587 Qui
1154 1525 1222 1600 per
1252 1501 1435 1574 'leutho-

315 1602 438 1674 nicnm
465 1613 605 1673 terram
633 1601 872 1693 incedentes,
899 1601 1013 1698 Alpes
1041 1601 1077 1672 in
1106 1603 1188 1674 loco
1208 1601 1268 1698 qui
1290 1601 1433 1676 Mons·

314 1702 612 1798 Seres1dicitur,
640 1712 677 1773 et
704 1725 773 1799 per
790 1701 913 1773 lacum
934 1704 979 1774 de
999 1687 1143 1776 Cuma²
1163 1703 1427 1800 transierunt,

312 1813 632 1900 transeuntesque
652 1826 720 1900 per
731 1802 906 1898 Ytaliam,
925 1801 963 1873 in
982 1802 1066 1874 villa
1083 1826 1155 1898 que
1171 1802 1428 1877 Burs-saint-

313 1903 478 1977 Domin³
497 1903 641 1990 dicitur,
660 1925 832 1974 rumores
853 1905 897 1972 de
913 1913 1034 1975 morte
1053 1903 1200 1976 comitis
1216 1905 1241 1976 F
1243 1905 1426 1977 landren-

315 2002 397 2078 sis⁴
422 2015 546 2076 certos
571 1997 811 2076 habuerunt.¹
847 2002 1028 2075 Dominus
1050 2005 1190 2076 etenim
1218 2028 1284 2076 rex
1302 2005 1424 2077 Fran·

314 2129 443 2178 corum
465 2129 484 2177 a
505 2102 767 2175 transmarinis
788 2102 954 2198 partibus
972 2128 1038 2199 pro
1054 2113 1130 2176 tota
1146 2116 1244 2177 terra
1266 2105 1420 2180 comitis

312 2205 482 2280 Flandrie
498 2207 714 2302 occupanda
731 2203 868 2291 milites
885 2208 1067 2301 quosdam
1088 2205 1123 2276 in
1144 2205 1417 2278 detrimentum

315 2308 460 2380 comitis
493 2305 747 2379 Hanoniensis
778 2304 972 2398 mittebat,
1007 2305 1150 2378 scilicet
1182 2308 1332 2378 Petrum
1367 2310 1414 2380 de

246 2429 247 2432 ’
313 2408 462 2479 lllaisnil
486 2417 523 2478 et
546 2407 751 2478 Robertum
772 2407 817 2476 de
836 2406 1009 2503 Waurin,
1046 2406 1180 2478 Hellini
1200 2408 1413 2480 senescalci

204 2520 234 2572 r.
249 2520 301 2576 78‘.
314 2509 482 2601 fratrem,
502 2507 554 2577 'et
569 2508 753 2602 quosdam
769 2505 876 2601 alios,
892 2530 1050 2602 quorum
1067 2506 1217 2604 quidam
1236 2507 1274 2580 in
1289 2508 1409 2582 Ytalia
1481 2573 1483 2602 ,

314 2607 449 2680 mortni
469 2616 575 2701 sunt,
604 2608 670 2677 sed
691 2605 823 2677 Petrus
844 2615 881 2678 et
900 2609 1083 2680 llobertus
1104 2607 1140 2678 in
1159 2609 1185 2680 F
1188 2609 1352 2680 ranciam
1372 2619 1409 2682 et
1481 2629 1482 2648 ¹

311 2707 522 2782 Flandriam
541 2717 807 2804 pervenerunt.
850 2707 1083 2780 Gislelaertns
1103 2719 1229 2780 autem
1251 2709 1405 2783 clericus

313 2833 486 2882 rumores
522 2806 605 2880 illos
641 2806 767 2878 comiti
803 2808 1036 2880 Hanoniensi
1070 2809 1316 2882 domino-suo
1342 2833 1406 2906 per

312 2911 491 2982 festinum
511 2931 705 2980 cursorem
726 2907 970 3004 significavit,
996 2908 1046 2980 ita
1066 2912 1164 3006 quod
1185 2933 1314 2983 comes
1337 2911 1405 2982 lla·

313 3009 507 3083 noniensis
526 3032 699 3082 rumores
719 3009 802 3082 illos
823 3021 906 3082 octo
930 3010 1060 3083 diebos
1087 3009 1193 3083 citius
1219 3010 1403 3107 prescivit,

311 3139 423 3209 qutun
448 3110 579 3183 Franci
608 3110 668 3182 vel
689 3109 941 3184 Flandrenses
971 3110 1143 3184 homines
1182 3111 1400 3208 prescirent3

311 3219 408 3310 qnod
429 3212 578 3310 quidem
600 3210 633 3285 ei
652 3209 799 3308 profuit.
846 3213 983 3284 Comes
1004 3211 1104 3282 enim
1130 3211 1198 3284 sibi
1229 3211 1400 3309 providit,

310 3316 359 3386 ita
380 3314 595 3410 quantotius
615 3335 787 3384 rumores
803 3315 847 3384 ad
864 3311 1025 3382 Francos
1042 3314 1138 3383 etad
1155 3312 1398 3386 Flandrenses

310 3426 577 3511 pervenerunt,
604 3412 686 3510 ipse
706 3423 846 3484 terram
866 3411 1134 3484 Flandrensem
1159 3412 1238 3484 iure
1262 3413 1398 3486 heredi·

309 3514 403 3586 tario
420 3537 574 3587 uxorem
591 3537 700 3586 suam
715 3512 996 3608 Margharetam
1017 3513 1250 3586 comitissam
1268 3513 1397 3586 contin·

308 3612 462 3713 gentem
480 3613 690 3712 occupavit,
706 3611 850 3684 scilicet
861 3611 1008 3708 BrugiS,
1024 3613 1159 3708 lpram,
1175 3616 1396 3712 Curtracum,

308 3717 573 3810 A‘ltlenardam,
601 3711 937 3809 Geraldimontem,
956 3712 1075 3806 Alost,
1096 3714 1281 3810 Waisarn3
1307 3715 1395 3788 Gan·

309 3822 445 3890 davum
466 3829 592 3889 autem
612 3813 682 3886 sibi
702 3811 809 3886 citius
831 3813 992 3887 nonfuit
1012 3813 1279 3912 voluntarium,
1306 3818 1393 3913 quod

221 3975 222 3978 ,
310 3931 441 4016 postea
462 3921 506 3990 ad
528 3913 881 3989 suamvoluntatem
903 3915 1043 4010 habuit,
1064 3914 1169 3987 cuius
1188 3915 1392 3988 firmitatem

224 4065 225 4068 =
308 4020 515 4111 lllathildis,
549 4039 640 4086 uxor
668 4014 813 4088 comitis
841 4015 1012 4089 Flandrie
1038 4015 1163 4112 vidua,
1192 4015 1389 4089 hominibus

310 4174 335 4244 1)
353 4173 430 4227 Mont
450 4170 539 4224 Cenis.
631 4169 658 4238 2)
685 4169 759 4240 Lago
784 4171 810 4222 di
838 4169 931 4224 Como.
1026 4167 1053 4240 3)
1077 4167 1388 4239 Borgo-San-llonino.

307 4246 334 4317 4)
353 4245 388 4298 V.
409 4261 487 4315 supro
509 4263 534 4314 p.
553 4242 617 4298 226.
638 4243 655 4296 l.
677 4242 721 4298 ll.
