3002 4790
314 405 386 478 ase
578 445 581 456 ·
714 350 1069 478 -crsnsrsrn,

150 593 154 604 ’
224 596 1100 703 nusquamsecretisetpostcommunionibus.
1136 602 1328 676 Sacerdos
1352 626 1429 674 au-

61 707 68 724 ’”
115 699 116 702 ’
254 718 257 725 “
312 716 390 778 tem
409 707 453 778 ad
471 705 545 778 hec
563 703 1007 802 complendaaquolibet
1022 703 1158 776 comite
1173 703 1426 776 Hanoniensi

232 879 246 888 Ἴ,
312 829 466 904 semper
491 805 716 902 instituetur,
744 805 848 878 salvo
867 805 946 877 iure
967 804 1231 878 canonicorum
1259 805 1299 877 in
1330 805 1423 878 suis

312 907 522 980 offertoriis.
574 905 643 978 Hic
675 931 823 1004 quoque
860 909 1039 1001 sacerdos
1070 906 1141 1004 ipsi
1173 905 1341 978 ecclesie
1379 905 1420 981 iu

309 1006 502 1082 matutinis
517 1017 566 1080 et
592 1006 719 1081 missis
746 1017 784 1080 et
803 1006 939 1080 ceteris
964 1006 1068 1080 horis
1094 1007 1420 1081 conventualibus

311 1109 512 1206 deserviet,
539 1107 598 1182 cui
617 1107 803 1182 sacerdoti
822 1108 995 1182 dominus
1021 1131 1150 1182 comes
1179 1118 1416 1206 perpetuum

265 1225 270 1238 ’
309 1209 533 1284 beneficium
553 1208 781 1306 assignavit
807 1219 848 1282 ut
872 1209 1414 1308 annuatimhabeatinparte
1473 1233 1475 1292 i

311 1311 455 1384 decime
487 1309 627 1384 domini
659 1309 805 1382 comitis
837 1312 935 1404 apud
963 1310 1138 1382 Brainam
1163 1308 1413 1383 Wilhoticam

311 1413 357 1486 15
383 1412 528 1485 modios
552 1410 710 1507 segetis
737 1410 978 1484 medietatem
1002 1410 1172 1484 scilicet
1163 1403 1348 1507 ivernagii
1371 1421 1412 1481 et

23 1509 43 1612 fl
81 1515 85 1524 '
117 1526 140 1552 ²
210 1577 211 1580 ,
308 1513 550 1586 medietatem
577 1535 708 1584 avene.
752 1510 938 1585 Sacerdos
966 1522 1093 1585 autem
1113 1511 1296 1609 quilibet
1287 1537 1327 1583 in
1346 1535 1410 1583 sur

308 1612 540 1687 institutione
567 1636 682 1710 super
700 1611 904 1687 missarum
924 1613 1201 1712 complemento
1226 1623 1263 1684 et
1288 1635 1413 1710 super
1475 1679 1476 1696 ,

309 1715 461 1788 servitiu
489 1713 664 1788 continuo
690 1712 853 1786 ecclesie
881 1714 1090 1788 exhibendo
1119 1725 1156 1787 et
1180 1738 1296 1822 super
1321 1713 1408 1785 iure
1475 1715 1476 1724 ’

308 1816 573 1889 canonicorum
589 1817 848 1888 conservando
863 1825 968 1912 prest
953 1815 1068 1888 tabit
1058 1811 1324 1888 iuramentum
1346 1816 1406 1886 Ad

306 1917 379 1989 hec
397 1916 571 1990 dominus
592 1936 721 1990 coines
741 1915 955 2014 sepedictus
970 1940 1037 2014 pro
1053 1915 1310 1992 anniversario
1331 1939 1407 1988 suc
1476 1993 1477 2008 ἶ

308 2042 394 2090 curn
412 2017 658 2091 veneratione
685 2016 909 2089 celebrando
928 2019 978 2090 60
996 2017 1135 2090 solidos
1162 2017 1404 2097 denariorum

299 2119 342 2191 'in
372 2117 547 2192 censibus
574 2117 652 2192 suis
678 2120 775 2215 apud
794 2117 970 2194 Bucinum
989 2118 1256 2192 Wilhoticam
1246 2143 1284 2190 in
1303 2119 1405 2190 festo

306 2219 426 2294 sancti
440 2217 616 2294 Iohannis
630 2218 823 2293 annuatim
838 2218 1164 2318 percipiendorum
1179 2219 1403 2334 assignavit,
1476 2299 1477 2306 ἵ

307 2345 399 2419 quos
419 2321 491 2418 ipsi
511 2320 680 2394 canonici
704 2317 742 2392 in
757 2319 1020 2394 celebratione
1045 2319 1290 2394 anniversarii
1316 2343 1404 2418 pre·-
1449 2341 1477 2378 m

306 2434 435 2496 sentes
467 2423 564 2495 inter
595 2446 636 2496 se
666 2421 898 2494 distribuent.
950 2421 1029 2494 Hec
1061 2421 1210 2519 quidem
1240 2423 1319 2494 tani
1351 2424 1400 2493 de

305 2523 583 2636 complemento
619 2521 822 2595 missarum
857 2531 894 2593 et
926 2524 973 2594 de
1000 2521 1183 2596 beneficio
1215 2522 1403 2596 sacerdoti

305 2623 499 2721 assignato
524 2632 562 2695 et
584 2624 632 2696 de
651 2620 908 2694 anniversario
928 2623 1128 2696 recolendo
1148 2624 1285 2721 scripto
1306 2623 1399 2696 ciro·

304 2725 524 2823 graphizato
553 2733 591 2796 et
616 2721 734 2821 ipsius
755 2720 902 2794 comitis
920 2722 1188 2820 Hanoniensis
1202 2724 1399 2796 marchio-

303 2825 363 2898 nis
376 2823 657 2919 namurcensis,
677 2823 799 2920 sigillo
815 2831 852 2896 et
865 2821 1112 2920 sonegiensis
1132 2825 1293 2899 ecclesie
1312 2849 1397 2898 con-

303 2925 453 2998 firmata
472 2934 569 2998 sunt
1207 2956 1218 2976 ·
1386 2951 1393 2962 ·

378 3024 447 3098 Hic'
467 3025 586 3100 eciam
606 3047 734 3098 comes
753 3023 1019 3120 Hanoniensis7
1046 3025 1213 3099 marchio
1240 3027 1416 3099 Namur--
1460 3094 1466 3116 ,

304 3126 443 3226 censis,
462 3128 701 3200 Montensem
720 3125 922 3199 ecclesiam
941 3125 1073 3198 maiori
1092 3127 1327 3226 amplectens
1345 3130 1394 3200 di·
1477 3173 1478 3228 q

300 3227 462 3302 lectione
490 3240 528 3302 et
546 3228 642 3301 circa
668 3227 766 3300 illius
794 3226 1083 3324 prosperitatem
1106 3238 1149 3301 et
1170 3227 1395 3326 transquilli-
1477 3269 1478 3304 i

300 3338 419 3402 tatem
438 3353 567 3402 curam
585 3351 724 3425 gerens
743 3327 1076 3424 diligentioremet
1093 3328 1392 3426 sollicitudinem⁷
1477 3331 1478 3400 f

302 3433 463 3526 quedam
490 3454 563 3527 que
588 3428 661 3526 ipsi
686 3427 847 3518 ecclesie
873 3430 919 3501 de
944 3429 1026 3502 iure
1053 3429 1199 3504 abbatie
1223 3433 1391 3527 debebat7

301 3554 374 3627 que
393 3529 543 3626 quidem
567 3527 650 3626 ipse
676 3527 819 3602 eteius
846 3539 1110 3604 antecessores
1137 3531 1306 3629 plenarie
1332 3555 1394 3604 ex·-

301 3630 505 3728 solverant
532 3631 630 3702 unde
656 3653 740 3702 eam
759 3633 805 3702 ab
833 3630 935 3703 ouini
961 3631 1088 3704 labore
1117 3643 1159 3705 et
1172 3632 1393 3730 gravamine

194 3747 196 3752 ’
298 3685 566 3828 liberaveraint
593 3753 642 3804 ne
661 3755 840 3829 nmquam
860 3756 941 3830 ipsa
961 3731 1124 3807 ecclesia
1143 3733 1312 3808 eiusdem
1332 3757 1390 3806 uo

27 3821 60 3868 '³²⁸
298 3833 399 3908 mitis
420 3832 532 3907 vel
499 3857 579 3907 evus
595 3855 861 3906 successorum
874 3833 1003 3906 diebus
1018 3834 1182 3932 aliquam
1200 3844 1389 3934 pateretur

298 3935 526 4030 molestiam,
553 3933 775 4050 recognovit
800 3945 838 4006 et
862 3933 935 4032 ipsi
964 3935 1133 4010 ecclesie
1146 3934 1393 4050 confirmavit,

298 4035 433 4133 quod
423 4059 505 4134 ipse
525 4035 662 4109 eteius
683 4058 937 4108 successores
948 4061 968 4109 a
996 4036 1232 4135 quibusdam⁷
1261 4028 1359 4134 qde
1350 4060 1385 4108 rn

299 4137 606 4244 conventualibus
635 4135 807 4209 ecclesiis
835 4139 1056 4234 quandoque
1083 4137 1402 4251 requiruntur‚a

195 4257 198 4266 ·
297 4231 475 4312 domino
481 4257 577 4384 papa
609 4247 647 4310 et
678 4236 758 4310 eius
792 4237 1040 4311 cardinalibus
1073 4249 1109 4311 et
1139 4237 1274 4335 legatis
1304 4249 1384 4310 eta
