3066 4788
326 461 373 536 52
634 519 637 524 ,
728 456 1011 534 Gtstussnttrt

400 657 582 733 Balduino
608 657 723 758 igitur
749 657 865 732 sicin
896 658 1068 732 Hauonia
1095 654 1329 755 dominante7
1363 657 1417 730 vir

328 758 480 856 quidam
498 759 645 856 nobilia,
666 759 855 837 Gosuinus
874 760 1037 856 nomine,
1061 761 1107 838 de
1124 759 1213 832 villa
1231 758 1267 830 in
1288 758 1416 832 Came·
1518 807 1520 858 3

325 861 484 956 racesio‚
501 859 716 959 queOysis¹
731 861 876 958 dicitur,
896 861 1086 958 oriundus,
1106 885 1175 959 par
1188 858 1301 933 castri
1314 859 1415 932 Mon·
1519 869 1520 954 j

302 976 305 982 ’
325 963 454 1060 tensis,
474 962 533 1035 cui
552 963 633 1064 ipse
652 986 780 1036 comes
800 987 939 1061 magna
956 961 993 1036 in
1011 960 1199 1035 territorio
1219 961 1265 1034 de
1283 962 1416 1034 Aveth-

325 1062 408 1136 nis²
425 1063 629 1161 multisque
642 1063 725 1138 aliis
740 1063 778 1137 in
786 1063 961 1168 ⁸Hanonia
979 1063 1073 1136 locis
1092 1062 1304 1136 contulerat
1321 1063 1417 1134 bona
1519 1055 1520 1098 Ὗ

325 1207 374 1218 -
394 1165 491 1239 unde
509 1165 642 1263 ligium
670 1165 704 1238 ei
730 1165 874 1238 fecerat
897 1164 1107 1237 hominium
1125 1165 1226 1238 etde
1245 1163 1416 1236 omnibus
1519 1221 1520 1224 ,

325 1289 399 1363 que
423 1266 640 1383 possidebqt
666 1265 883 1339 continuum
907 1265 945 1336 in
965 1275 1088 1339 castro
1107 1264 1294 1338 Montensi
1313 1265 1418 1338 debe·

326 1369 390 1439 bat
408 1365 595 1466 stagium³
614 1410 662 1420 —
680 1366 779 1452 facte
797 1365 968 1440 fidelitati
987 1361 1154 1466 ebriane,
1179 1365 1329 1437 domino
1349 1389 1415 1437 suo
1518 1427 1520 1464 q

325 1466 415 1565 ligio
437 1467 564 1540 comiti
583 1466 814 1541 Hauoniensi
841 1467 879 1539 in
908 1467 988 1541 iure
1014 1467 1201 1540 contraire
1228 1476 1265 1539 et
1290 1475 1418 1538 contra
1447 1531 1448 1538 ,
1518 1465 1520 1468 ’

327 1568 407 1642 eius
420 1569 655 1642 voluntatem
669 1579 707 1642 et
719 1567 1009 1667 prohibitionem
1024 1567 1157 1641 turrim
1172 1567 1209 1640 in
1220 1564 1419 1640 Avernus*
1496 1572 1500 1579 '
1519 1651 1520 1654 Ἴ

326 1669 426 1767 cepit
445 1679 674 1743 construere.
711 1669 859 1742 Etcum
874 1670 919 1742 ad
938 1669 1184 1742 monitionem
1204 1667 1344 1740 domini
1363 1667 1418 1740 sui
1510 1671 1520 1770 l

327 1769 398 1844 iuri
416 1782 517 1846 stare
539 1770 576 1842 in
600 1771 679 1843 eius
703 1770 807 1844 curia
830 1770 1106 1869 dedignaretur,
1133 1771 1214 1869 ipse
1236 1793 1364 1843 comes
1382 1768 1419 1840 in
1518 1771 1520 1804 l

325 1897 414 1966 eum
447 1871 669 1968 insurrexit3
710 1871 770 1944 oui
805 1871 868 1945 ille
895 1897 981 1944 cum
1015 1882 1107 1968 quot
1133 1872 1273 1944 habere
1300 1869 1421 1969 potuit

325 1972 465 2046 viribus
498 1995 696 2045 occurrere
720 1972 960 2070 ¹presumpsit
982 1996 1101 2071 prope
1127 1970 1326 2043 Sambram
1353 1969 1420 2043 ttu-

324 2071 439 2170 vium7
468 2083 506 2145 et
532 2097 618 2145 cum
644 2071 694 2143 ibi
723 2071 858 2145 acriter
883 2097 951 2170 per
978 2073 1072 2145 duos
1100 2072 1179 2146 dies
1203 2073 1439 2169 bellassent,-

324 2173 528 2247 tercia'die
554 2197 701 2271 comeS,
731 2173 883 2246 obtenta
909 2196 1022 2272 super
1049 2173 1129 2246 iure
1156 2197 1224 2246 suo
1252 2173 1419 2271 victoria,

326 2274 536 2348 Gosuinum
561 2274 773 2373 predictum
800 2284 952 2383 captum
979 2274 1167 2347 Montibus
1199 2299 1329 2348 secum
1360 2275 1435 2348 de·

324 2375 439 2471 duxit³
459 2401 570 2473 quem
589 2377 743 2449 tandem
763 2377 807 2448 ad
827 2399 959 2474 preces
974 2375 1141 2454 fidelium
1157 2399 1311 2448 suorum
1325 2375 1422 2448 viro-

323 2501 408 2548 rum
427 2475 620 2571 nobilium‚
641 2476 789 2548 abscisa
807 2478 920 2547 barba
941 2475 1042 2549 abire
1061 2475 1252 2576 permisit3
1276 2477 1338 2574 qui
1354 2501 1422 2575 po·

323 2587 406 2649 stea
424 2575 551 2648 habita
566 2574 706 2648 domini
722 2576 779 2649 sui
794 2576 927 2674 gratia,
947 2577 1079 2649 turrim
1093 2576 1131 2649 in
1144 2577 1324 2651 Avethnis
1340 2601 1423 2676 per·
1448 2614 1453 2624 ν
1518 2639 1520 2684 q

323 2677 425 2772 fecit,
446 2701 517 2774 que
533 2675 684 2776 quidem
697 2676 857 2750 firmitas
871 2687 1005 2776 postea
1019 2678 1242 2775 quandoque
1256 2677 1293 2752 in
1312 2677 1423 2752 detri-
1517 2687 1520 2730 ¹³

325 2789 495 2852 mentum
515 2779 765 2875 quorumdam
784 2779 965 2851 comitum
983 2779 1282 2853 Hanoniensium
1300 2779 1382 2851 fuit.
1423 2809 1426 2814 ·

401 2877 442 2950 ln
458 2879 587 2952 diebus
602 2877 676 2950 illis
691 2879 924 2952 lherusalem
939 2879 1069 2954 civitas
1085 2891 1215 2953 saneta
1227 2880 1424 2953 Armenia-

325 3004 397 3077 que
423 2991 460 3053 et
478 2977 585 3076 Syria
606 2989 748 3078 etpars
769 2979 902 3054 Grecie
930 3006 951 3052 a
978 2981 1181 3079 gentilibus
1201 3005 1317 3078 usque
1340 2981 1425 3054 fere
1518 2987 1520 3049 ἑ

324 3080 525 3154 Brachium
545 3081 665 3154 sancti
686 3079 840 3181 Georgii
860 3083 1043 3182 occupata
1062 3085 1271 3156 tenebatur.
1315 3081 1427 3154 Unde
1516 3167 1520 3186 ⁴

323 3183 695 3258 ad'subveniendum
714 3183 884 3258 ecclesiis
911 3184 1154 3256 orientalibus
1178 3184 1426 3281 quamplures

323 3283 471 3382 imperii
481 3283 639 3356 Romani
656 3295 693 3355 et
706 3284 812 3381 regni
823 3279 1054 3355 Francorum
1064 3281 1132 3352 viri
1145 3280 1299 3353 animati
1313 3293 1425 3378 sunt3
1515 3285 1516 3288 ’

324 3408 484 3479 quorum
500 3382 689 3454 consortio
706 3382 911 3453 Balduinus
926 3379 1139 3478 sepedictus
1154 3403 1282 3453 comes
1297 3383 1427 3456 Hane·
1517 3449 1520 3476 ,

323 3481 465 3557 niensis
484 3481 591 3554 bonis
610 3481 806 3562 intendens
826 3481 1013 3578 operibus
1031 3480 1143 3554 miles
1162 3483 1350 3580 potensin
1366 3509 1426 3556 ar-
1517 3477 1520 3528 ³

325 3582 408 3680 mis,
436 3583 594 3680 largitor
613 3581 906 3670 elemosinarum
931 3581 1107 3678 optimus7
1136 3606 1178 3656 se
1197 3583 1428 3658 ammiscere

326 3683 500 3757 decrevit.
554 3681 758 3756 Sciendum
790 3691 1005 3756 estautem
1039 3685 1152 3758 etad
1184 3685 1429 3781 questionem
1518 3733 1520 3774 q

325 3786 533 3890 multorum
552 3784 870 3882 respondendum,
890 3784 971 3882 quis
991 3785 1134 3884 primus
1150 3788 1281 3859 urbem
1294 3786 1429 3860 lheru·

328 3957 353 4029 1)
375 3957 451 4030 (lisy,
466 3975 480 4010 a
496 3956 641 4012 Cameraco
655 3956 726 4011 iuter
739 3966 851 4028 septent.
866 3967 891 4012 et
905 3959 1000 4012 orient.
1061 3959 1088 4030 2)
1108 3958 1239 4014 Arcanos.
1294 3959 1321 4026 3)
1339 3975 1431 4013 man-

322 4033 437 4096 sionem,
457 4031 693 4086 commorationem
708 4032 852 4086 assiduam.
926 4031 953 4102 4)
973 4030 1083 4086 Constat
1096 4030 1243 4086 Gosvinum
1257 4036 1291 4087 de
1304 4029 1428 4102 Oysiaca
1519 4091 1520 4104 ξ

323 4123 349 4158 a.
370 4103 439 4159 1106
460 4111 543 4177 quam
566 4103 645 4158 citius
671 4106 818 4159 dominium
833 4103 993 4158 'Avesuense
1017 4116 1169 4160 ¹assecutum
1194 4106 1292 4167 luisse:
1320 4105 1427 4176 quippe
1518 4109 1520 4156 l

323 4196 357 4231 eo
377 4181 417 4232 vel
438 4181 558 4249 sequenti
580 4195 648 4231 anno
667 4189 834 4248 peremptum
861 4179 943 4232 luisse
963 4179 1124 4232 avunculum
1145 4179 1202 4232 eius
1221 4178 1428 4233 Theodericum
1465 4189 1467 4196 '

324 4253 358 4302 de
375 4250 495 4312 Avennio
518 4252 621 4306 diserto
645 4253 727 4307 tradit
747 4252 929 4308 llerimaonus
948 4250 972 4304 T
973 4253 1112 4322 engrensis
1131 4252 1227 4322 (Bouq.
1248 4251 1324 4315 Xlll,
1345 4252 1416 4321 401)

323 4323 400 4379 Unde
414 4343 483 4398 quae
496 4334 587 4382 narrat
599 4326 643 4380 hic
655 4325 833 4396 Gislebertus,
848 4327 882 4380 de
895 4325 948 4378 alio
959 4322 1093 4380 Balduino
1107 4325 1281 4395 intelligenda
1294 4335 1365 4382 sont.
1388 4325 1415 4382 B
1505 4375 1508 4384 .
