3066 4788
358 399 644 476 CHKONICON'
661 399 970 474 HANONlENSE.
1166 403 1214 476 79

13 643 15 672 ι
120 625 312 699 nunquam
330 601 495 675 tenuerit
512 599 548 673 in
568 599 850 698 proprietatem,
876 601 990 674 nichil
1014 601 1083 674 sibi
1106 599 1218 675 liceat

119 701 230 776 elicui
249 704 339 776 dare
357 701 393 773 in
414 701 525 774 feodo
545 702 605 777 vel
624 704 669 774 ad
689 723 848 776 censum
866 703 928 775 vel
945 703 982 774 in
1001 701 1125 790 vadio,
1147 723 1219 774 nec

13 799 14 824 ¹
119 801 244 901 aliquo
276 805 386 874 modo
419 827 440 874 a
473 802 646 877 manibus
677 803 755 876 suis
783 803 960 876 alienare.
1014 802 1218 875 Baldoinus

119 915 246 977 autem
267 927 410 996 comes,
437 903 608 976 eiusdem
630 902 777 976 comitis
795 903 965 977 Balduini
986 913 1024 975 et
1040 901 1219 976 Yoleudis

120 1003 314 1078 comitisse
348 1003 471 1098 filius,
512 1027 628 1102 super
662 1007 823 1101 quodam
862 1028 1045 1098 excessu,
1080 1003 1328 1102 'quem*t.21·

120 1105 296 1178 homines
315 1105 622 1178 Valeneenenses
642 1116 772 1178 contra
791 1105 913 1200 ipsum
934 1104 970 1176 in
991 1103 1072 1177 eius
1091 1104 1221 1176 iuven·

118 1217 199 1278 tute
228 1215 514 1304 perpetrarunt,
542 1213 769 1301 commotus,
796 1207 845 1277 ita
872 1229 937 1278 eos
965 1229 1032 1278 sue
1061 1204 1222 1278 subdidit

119 1306 325 1401 voluntati,
353 1308 449 1403 quod
470 1308 516 1378 de
537 1329 667 1379 eorum
688 1305 823 1380 iudicio
843 1306 1032 1378 communi
1053 1315 1220 1378 mortuas

120 1431 259 1481 manus
275 1410 320 1480 ab
335 1407 535 1501 universis7
550 1409 638 1480 dum
655 1406 738 1506 ipse
753 1407 856 1502 vixit,
876 1407 1043 1505 plenarie
1058 1405 1222 1504 accepit:

121 1509 221 1606 quod
241 1507 360 1580 eciam
381 1507 462 1580 eius
480 1507 578 1581 filius
597 1507 801 1582 Balduiuus
820 1518 907 1606 post
925 1508 1048 1605 ipsum
1068 1531 1137 1606 per
1158 1506 1223 1579 ali-

120 1618 213 1708 quot
231 1632 351 1680 annos
371 1607 472 1702 lecit,
490 1608 624 1682 deinde
643 1613 689 1683 ab
707 1610 780 1683 hiis
801 1632 867 1682 eos
883 1608 1053 1682 absolvit.
1085 1609 1222 1680 Postea

118 1711 226 1809 ipsas
246 1719 413 1783 mortuas
433 1732 569 1781 manus
588 1710 841 1782 decommum
860 1733 989 1781 eorum
1004 1708 1138 1781 iudicio
1154 1707 1224 1781 sibi

119 1809 368 1884 readiudicari
393 1807 519 1902 fecit¹‚
542 1808 642 1883 sicut
670 1808 817 1908 plenius
846 1809 882 1880 in
905 1808 1222 1907 subsequentibus

120 1911 241 2010 ipsius
257 1911 404 1984 comitis
419 1910 539 2009 gestis
553 1909 983 2011 perpresensscriptum
999 1908 1223 1982 invenietur.

198 2011 422 2110 Sepedictus
441 2012 646 2086 Balduinus
666 2037 810 2109 comes,
828 2011 1008 2085 Yolendis
1029 2010 1222 2085 comitisse
1245 2022 1247 2028 '

119 2111 237 2208 filius,
264 2122 302 2185 et
329 2113 410 2185 eius
435 2137 529 2184 uxor
552 2113 668 2186 Alidis
688 2113 894 2209 comitissa⁷
922 2112 1058 2184 mulier
1075 2111 1224 2208 religio·

123 2211 292 2306 sissima,
316 2211 353 2282 in
382 2211 605 2307 quibusdam
625 2213 884 2285 mansionibus
904 2213 996 2304 suis,
1024 2211 1169 2283 scilicet
1185 2210 1223 2280 in

122 2310 313 2384 Montibus
347 2320 384 2383 et
415 2310 451 2382 in
484 2309 613 2383 Bincio
652 2310 690 2382 'et
720 2311 756 2381 in
788 2309 1100 2382 Haimoncasnoit
1137 2329 1225 2381 con·

124 2423 343 2486 struxerunt
366 2411 553 2510 capellas,
581 2413 647 2484 sed
675 2410 798 2484 nullos
826 2410 881 2485 eis
908 2419 1033 2484 certos
1056 2408 1224 2484 redditus

123 2513 380 2610 assignarunt.
432 2514 479 2586 At
501 2511 601 2586 filius
630 2535 760 2584 eorum
786 2512 991 2586 Balduinus
1020 2512 1132 2586 certis
1158 2534 1225 2584 eas

7 2667 9 2714 3
122 2614 325 2687 honoravit
355 2613 579 2708 redditibus3
612 2612 757 2712 capelle
788 2614 938 2713 quidem
969 2611 1156 2686 Montensi
1186 2611 1225 2685 in

7 2733 9 2778 t
123 2716 270 2788 honore
295 2714 416 2787 sancti
443 2713 604 2788 Servatii
622 2723 851 2809 constructe,
878 2715 1065 2788 decimam
1083 2713 1121 2786 in
1140 2712 1224 2785 loco

124 2817 189 2914 qui
216 2815 349 2888 dicitur
374 2813 585 2888 Troucois²
619 2825 657 2888 et
688 2818 849 2913 quedam
881 2816 953 2888 alia
981 2819 1088 2890 bona
1105 2812 1226 2910 assig-

124 2916 248 3012 navit3
275 2941 342 3014 pro
372 2940 444 3014 qua
470 2914 621 3013 quidem
649 2915 793 2990 decima
822 2941 952 2990 comes
971 2914 1226 2989 Hauoniensis

125 3019 239 3088 debet
257 3017 450 3089 annuatim
469 3015 631 3088 ecclesie
650 3020 759 3090 beate
779 3017 1031 3090 Waldetrudis
1050 3016 1087 3088 in
1108 3037 1226 3087 censu

7 3143 9 3178 i
125 3118 150 3189 5
170 3114 332 3211 solidos5
350 3115 540 3188 Binciensi
559 3125 685 3188 autem
706 3117 851 3213 capelle
870 3126 1017 3212 partem
1037 3115 1226 3212 quandam

7 3271 11 3296 r
125 3214 272 3290 decime
291 3218 387 3315 apud
401 3214 576 3290 Lestinas
591 3216 629 3290 in
643 3213 791 3290 Monte³
809 3214 1019 3314 assignavit
1031 3215 1068 3286 iu
1083 3213 1227 3285 honore

127 3317 250 3391 sancti
278 3316 438 3391 Servatii
467 3326 702 3412 constructe3
739 3317 884 3416 capelle
912 3319 959 3389 de
983 3315 1228 3388 Haimoncas·

126 3417 225 3515 noit,
259 3417 296 3490 in
328 3419 472 3517 honore
504 3419 625 3494 sancti
655 3417 831 3492 lobannis
865 3417 1110 3515 ewangeliste
1141 3437 1228 3488 oon·

7 3597 9 3618 ζ
129 3529 294 3614 structe7
330 3519 516 3594 decimam
547 3520 586 3592 in
615 3521 698 3594 loco
737 3520 798 3619 qui
831 3519 964 3592 dicitur
992 3516 1229 3611 lllorteruels,

129 3619 372 3717 assignavirl.

133 3813 158 3877 ll
178 3811 251 3867 lluic
270 3813 331 3869 loco
353 3811 467 3867 lacobus
487 3815 520 3867 de
537 3810 630 3868 Guisia
651 3813 738 3868 statim
758 3813 879 3870 adiunxit
898 3813 1017 3868 obertum
1038 3813 1112 3884 pacis
1124 3808 1229 3863 Velen-

132 3885 264 3950 cenensis,
285 3904 365 3958 quam
382 3886 409 3941 iu
423 3885 581 3956 appendice
598 3903 630 3940 ex
646 3888 741 3940 codice
757 3897 903 3941 correctam
921 3890 1024 3941 damus.
1080 3885 1108 3958 2)
1128 3881 1229 3937 Trom-

132 3967 212 4012 coute
227 3976 311 4030 prope
326 3958 464 4014 Clermont
476 3958 629 4030 provinciae
642 3957 842 4014 Namurcensis.
898 3960 926 4030 3)
945 3953 1230 4014 Estinnes-au-Mont.

131 4030 159 4101 4)
178 4027 211 4084 ln
230 4032 321 4086 charta
341 4031 469 4088 Bolduini
483 4031 529 4102 ll'.
551 4049 576 4086 a.
595 4031 675 4088 1167.
694 4049 743 4104 pro
763 4033 929 4089 monasterio
946 4029 1147 4087 Altomontonri
1167 4030 1230 4082 data

132 4105 184 4175 (ap.
204 4103 333 4159 Durivier
352 4105 370 4162 l.
390 4125 413 4159 c.
433 4123 459 4176 p.
473 4106 528 4160 602
540 4105 589 4178 sq.)
609 4105 675 4160 haec
694 4105 880 4162 inveniuntur:
900 4108 1066 4162 Addiderunt
1084 4107 1161 4160 ellam
1179 4105 1232 4156 all-

131 4192 192 4232 oom
210 4177 357 4234 Morleroel
373 4182 469 4236 dictum
487 4182 560 4248 apud
576 4180 730 4248 llorba'm'ec,
749 4198 767 4236 o
785 4181 861 4236 nobis
879 4185 933 4236 iam
952 4184 1114 4248 occupatum.
1152 4173 1231 4229 Har-

132 4249 239 4319 biguies
259 4261 299 4305 est
318 4251 393 4306 locus
413 4253 440 4306 iu
461 4251 563 4319 Gellia,
589 4271 641 4310 arr.
663 4251 820 4318 a’nvesnes,
840 4265 910 4308 caut.
930 4253 964 4308 de'
985 4247 1230 4323 Quesnoy-Ouest.
