3002 4790
43 441 50 449 ·
156 450 159 454 ·
284 415 619 511 'turonicos
637 405 964 544 ,uanunrrbsa
1126 434 1199 506 eso

106 639 360 737 universaque
377 641 492 736 bona,
511 639 561 712 ad
576 637 834 738 episcopatum
851 633 1101 732 Leodiensem
1118 636 1290 732 per-nas.
1343 666 1345 670 -

108 739 281 838 tinentia,
306 740 422 814 libera
447 741 702 814 redderentur.
740 737 870 812 Eieeto
887 737 1015 834 itaque
1034 734 1201 832 Symonc

105 844 158 916 ab
177 842 350 918 omnibus
370 841 481 915 bonis,
495 840 756 940 episcopatus,
783 837 846 937 qui
871 838 910 912 in
932 837 1072 912 viribus
1089 845 1146 908 tot
1163 843 1202 908 et

111 942 571 1042 tantorum‘predictorum
579 940 797 1040 principum
812 951 850 1014 et
863 937 1044 1012 nobilium
1058 937 1200 1012 electus

106 1053 151 1118 et
169 1068 190 1119 a
209 1043 359 1116 domino
378 1043 606 1142 imperatore
624 1039 1039 1142 regatibns'investitus
1066 1038 1200 1128 fuerat,

111 1143 345 1218 mirabantur
362 1143 525 1218 universi
539 1143 735 1218 audientes
753 1153 791 1217 et
806 1142 987 1238 utentes,
1006 1138 1104 1236 quod
1122 1148 1202 1209 tan-

110 1255 172 1320 tus
191 1243 326 1320 nobilis
345 1269 366 1317 a
385 1255 489 1318 tanto
509 1245 665 1318 honoris
688 1242 852 1318 culmine
879 1241 1078 1336 eiceretur,
1106 1238 1202 1337 ipse·
1322 1263 1327 1271 ·

106 1365 184 1444 que
202 1355 240 1420 et
258 1345 316 1420 sui
334 1370 357 1420 a
375 1345 471 1419 facie
486 1345 627 1419 domini
641 1345 788 1419 comitis
804 1340 1033 1435 adrenientis
1052 1363 1202 1437 semper

107 1447 149 1520 fu
173 1446 314 1520 wiebant.
1041 1509 1042 1514 ,

153 1473 385 1645 g''serupore
399 1546 633 1644 illectando,
649 1548 737 1628 dum
749 1548 820 1622 bec
834 1546 1090 1626 tractabantur
1103 1540 1203 1615 circa
1212 1562 1243 1618 n.
1257 1561 1310 1616 ss.

108 1647 373 1745 episcopatum
385 1647 645 1744 Leodiensem,
665 1647 886 1722 Constantia
902 1645 1119 1744 imperatrix
1132 1643 1204 1715 Ro·

113 1772 323 1843 manorum,
342 1771 456 1844 quam
474 1745 720 1822 Salernenses
740 1749 842 1821 cives
859 1748 958 1820 maie
976 1744 1205 1819 tradiderant

107 1849 304 1924 'l'ancredo
325 1848 417 1946 regi,
437 1847 498 1946 qui
518 1847 587 1921 sibi
602 1847 770 1921 Siciliam
788 1847 925 1921 iniuste
945 1853 1203 1944 usurpaverat,

23 1991 27 1998 ·
107 1975 134 2024 a
154 1950 295 2024 civibus
314 1949 655 2047 Panormiensiuus,
673 1949 766 2024 dicet
783 1949 898 2026 invito
916 1947 1121 2042 tancredo,
1140 1936 1295 2016 εἰσ-1192·

113 2050 214 2124 mino
248 2075 316 2124 suo
344 2050 504 2124 Henrico
530 2051 786 2125 Romanorum
814 2047 1035 2150 imperatori
1059 2045 1201 2156 reddita
1214 2012 1271 2140 {32¹

108 2151 212 2246 cett,
244 2176 317 2247 que
344 2151 477 2224 eodem
503 2177 601 2225 anno
621 2176 751 2226 mense
770 2149 967 2225 Decembri
993 2148 1114 2222 tilium
1141 2158 1292 2245 peditt-

110 2250 219 2350 perit.
263 2252 479 2352 Eodemque
493 2277 595 2351 vanno
614 2253 696 2351 ipse
714 2252 887 2328 dominus
908 2252 1113 2350 imperator
1127 2232 1311 2349 iio-9⁶³⁶·
1365 2273 1370 2282 ·

112 2347 1202 2452 manorumHenricusdefnnctoTencredoregnumSicilie
1345 2421 1349 2428 .

108 2465 150 2530 et
169 2454 346 2526 ducatum
364 2453 499 2551 Apulie
517 2452 597 2527 iure
616 2451 772 2554 adeptus
792 2464 860 2528 est

190 2553 329 2628 Eodem
348 2579 459 2651 anno,
486 2565 656 2652 tempore
674 2552 1003 2652 quadragesimali,
1029 2553 1293 2652 dominusrrss.

109 2655 287 2730 Albertus
299 2654 518 2740 Leodiensis
537 2656 680 2729 electus
700 2666 737 2730 et
754 2653 1133 2752 SymorrLeodiensis
1151 2653 1203 2726 in·

113 2765 240 2828 trusus
267 2755 312 2826 ad
337 2755 480 2828 curiam
498 2755 707 2829 Romanam
735 2780 849 2855 super
874 2755 939 2830 lite
964 2755 1202 2854 episcopatus

110 2853 186 2928 iter
215 2853 463 2952 arripuerunt.
515 2855 697 2930 Dominus
729 2857 902 2954 equidem
928 2857 1103 2932 Atbertus
1134 2880 1202 2956 pro

111 2953 305 3028 itineribus
323 2953 402 3028 suis
421 2955 466 3028 ad
485 2955 627 3030 curiam
646 2957 854 3030 Romanam
881 2969 920 3031 et
943 2983 1011 3056 pro
1031 2958 1146 3030 moris
1166 2956 1203 3028 in

6 3091 7 3094 ¹
41 3089 47 3100 ·
110 3056 177 3130 illa
194 3055 303 3128 factis
323 3066 360 3129 et
377 3079 445 3152 pro
460 3055 639 3129 reditibus
655 3082 677 3129 a
692 3057 796 3130 curia
808 3058 873 3129 iiia
888 3067 926 3130 et
939 3080 1005 3155 pro
1021 3057 1203 3142 eiectione

109 3155 288 3251 Symonis
308 3166 345 3230 et
362 3179 518 3229 suorum
538 3182 560 3230 a
578 3157 712 3230 castris
725 3156 944 3232 Leodiensis
963 3157 1202 3257 episcopatus

110 3267 152 3332 et
181 3282 248 3356 pro
281 3256 451 3331 custodia
476 3267 687 3331 castrorum
712 3253 883 3357 ipsorum
906 3258 1109 3361 grandibus
1142 3285 1203 3334 ex·

6 3431 8 3454 ³
89 3443 91 3447 ,
112 3357 241 3456 pen'sis
265 3357 391 3456 factiS,
418 3358 576 3432 debebat
594 3358 722 3432 comiti
740 3358 970 3458 Hancniensi
989 3361 1090 3434 2450
1106 3383 1203 3434 mar·

110 3459 204 3532 chas
232 3460 378 3557 argenti
405 3483 542 3558 magno
562 3462 699 3558 pondo,
726 3463 820 3558 quas
839 3460 921 3559 ipse
939 3483 1066 3534 comes
1085 3487 1107 3535 a
1125 3461 1205 3560 qui·

7 3645 8 3648 ¹
111 3559 269 3632 busdam
297 3559 541 3634 creditoribus
567 3572 696 3634 mirtuo
716 3573 915 3660 acceperat
932 3563 1001 3635 sub'
1019 3563 1123 3660 gravi
1150 3563 1204 3638 fe·
1293 3641 1294 3644 ,

62 3741 66 3750 ,
110 3685 216 3758 nore,
242 3660 348 3734 cuius
374 3660 515 3734 fenoris
540 3661 621 3760 ipse
647 3664 752 3736 solus
780 3687 908 3738 comes
935 3687 1047 3737 omne
1072 3689 1203 3764 grava-

7 3839 8 3844 ,
111 3761 265 3842 meniu
296 3761 485 3836 solutione
515 3761 752 3861 paciebatur,
784 3765 882 3862 quod
911 3766 1021 3838 fenus
1052 3765 1098 3837 ad
1130 3767 1205 3840 200

113 3863 288 3937 marchas
313 3863 374 3936 vel
402 3863 499 3936 ultra
525 3863 597 3936 fuit
621 3875 899 3964 computatum⁷
927 3864 1092 3965 exceptis
1120 3865 1203 3938 aliis

111 3964 286 4060 expensis
305 3963 466 4063 maguis⁷
494 3988 586 4063 quas
611 3964 695 4063 ipse
714 3991 843 4041 comes
866 3978 904 4042 et
923 3966 1004 4040 eius
1030 3966 1203 4041 homines
1251 4027 1255 4034 .

7 4111 9 4126 2
113 4087 181 4161 pro
210 4066 447 4162 promotione
474 4065 614 4138 domini
641 4067 783 4143 Alberti
815 4079 852 4142 et
878 4092 993 4166 super
1020 4067 1204 4143 eiectione

7 4207 9 4246 ς
111 4163 289 4260 Symonis
307 4192 329 4241 a
348 4166 481 4242 castris
499 4167 718 4242 Leodiensis
738 4169 977 4268 episcopatus
994 4171 1173 4244 fecerant.

7 4355 10 4388 Ι
54 4259 60 4272 ’
89 4303 94 4314 ·
116 4292 139 4362 1)
159 4290 193 4345 v.
213 4289 321 4348 'rossus
340 4294 358 4348 ι.
378 4315 401 4350 0.
420 4313 446 4366 p.
465 4295 519 4349 sn
539 4315 565 4351 n.
