<?xml version="1.0" encoding="UTF-8"?>
<!DOCTYPE html PUBLIC "-//W3C//DTD XHTML 1.0 Transitional//EN"
    "http://www.w3.org/TR/xhtml1/DTD/xhtml1-transitional.dtd">
<html xmlns="http://www.w3.org/1999/xhtml" xml:lang="en" lang="en">
 <head>
  <title>
</title>
<meta http-equiv="Content-Type" content="text/html;charset=utf-8" />
  <meta name='ocr-system' content='tesseract 3.04.00' />
  <meta name='ocr-capabilities' content='ocr_page ocr_carea ocr_par ocr_line ocrx_word'/>
</head>
<body>
  <div class='ocr_page' id='page_1' title='image "./gislebertichron00gislgoog_0181.png"; bbox 0 0 3118 4786; ppageno 0'>
   <div class='ocr_carea' id='block_1_1' title="bbox 314 423 1242 503">
    <p class='ocr_par' dir='ltr' id='par_1_1' title="bbox 314 423 1242 503">
     <span class='ocr_line' id='line_1_1' title="bbox 314 423 1242 503; baseline 0.003 -3"><span class='ocrx_word' id='word_1_1' title='bbox 314 461 318 470; x_wconf 48' lang='lat'><em>⁴</em></span> <span class='ocrx_word' id='word_1_2' title='bbox 374 423 654 500; x_wconf 84' lang='lat' dir='ltr'><strong>CHRONICON</strong></span> <span class='ocrx_word' id='word_1_3' title='bbox 681 423 1002 503; x_wconf 77' lang='lat' dir='ltr'><strong>HANONIENSE.</strong></span> <span class='ocrx_word' id='word_1_4' title='bbox 1171 433 1242 503; x_wconf 70' lang='lat' dir='ltr'>tr?</span> 
     </span>
    </p>
   </div>
   <div class='ocr_carea' id='block_1_2' title="bbox 8 627 1357 4388">
    <p class='ocr_par' dir='ltr' id='par_1_2' title="bbox 20 627 1357 1712">
     <span class='ocr_line' id='line_1_2' title="bbox 20 627 1338 728; baseline -0.001 -24"><span class='ocrx_word' id='word_1_5' title='bbox 20 669 27 676; x_wconf 94' lang='lat'><strong>·</strong></span> <span class='ocrx_word' id='word_1_6' title='bbox 130 631 188 704; x_wconf 75' lang='lat' dir='ltr'>¹cle</span> <span class='ocrx_word' id='word_1_7' title='bbox 215 627 371 706; x_wconf 83' lang='lat' dir='ltr'>consilio</span> <span class='ocrx_word' id='word_1_8' title='bbox 398 627 610 728; x_wconf 74' lang='lat' dir='ltr'>principum</span> <span class='ocrx_word' id='word_1_9' title='bbox 638 652 795 703; x_wconf 83' lang='lat' dir='ltr'>suorum</span> <span class='ocrx_word' id='word_1_10' title='bbox 813 627 901 704; x_wconf 84' lang='lat' dir='ltr'>illud</span> <span class='ocrx_word' id='word_1_11' title='bbox 921 627 1084 727; x_wconf 84' lang='lat' dir='ltr'>primum</span> <span class='ocrx_word' id='word_1_12' title='bbox 1104 630 1338 706; x_wconf 75' lang='lat' dir='ltr'>bellemus.</span> 
     </span>
     <span class='ocr_line' id='line_1_3' title="bbox 139 729 1245 829; baseline 0 -25"><span class='ocrx_word' id='word_1_13' title='bbox 139 729 273 804; x_wconf 79' lang='lat' dir='ltr'>comiti</span> <span class='ocrx_word' id='word_1_14' title='bbox 290 729 525 806; x_wconf 74' lang='lat' dir='ltr'>Bononiensi</span> <span class='ocrx_word' id='word_1_15' title='bbox 544 729 744 808; x_wconf 83' lang='lat' dir='ltr'>oommisit</span> <span class='ocrx_word' id='word_1_16' title='bbox 784 730 948 804; x_wconf 74' lang='lat' dir='ltr'>Armetis</span> <span class='ocrx_word' id='word_1_17' title='bbox 969 729 1144 829; x_wconf 76' lang='lat' dir='ltr'>equidem</span> <span class='ocrx_word' id='word_1_18' title='bbox 1164 731 1245 807; x_wconf 77' lang='lat' dir='ltr'>uni·</span> 
     </span>
     <span class='ocr_line' id='line_1_4' title="bbox 135 830 1242 930; baseline 0.002 -26"><span class='ocrx_word' id='word_1_19' title='bbox 135 831 288 930; x_wconf 71' lang='lat' dir='ltr'>uersis,</span> <span class='ocrx_word' id='word_1_20' title='bbox 315 830 490 906; x_wconf 84' lang='lat' dir='ltr'>homines</span> <span class='ocrx_word' id='word_1_21' title='bbox 519 831 666 906; x_wconf 85' lang='lat' dir='ltr'>comitis</span> <span class='ocrx_word' id='word_1_22' title='bbox 693 830 948 905; x_wconf 76' lang='lat' dir='ltr'>Hanoniensis</span> <span class='ocrx_word' id='word_1_23' title='bbox 966 833 1015 904; x_wconf 86' lang='lat' dir='ltr'>ad</span> <span class='ocrx_word' id='word_1_24' title='bbox 1040 831 1242 910; x_wconf 83' lang='lat' dir='ltr'>videndum</span> 
     </span>
     <span class='ocr_line' id='line_1_5' title="bbox 131 931 1242 1032; baseline 0.002 -26"><span class='ocrx_word' id='word_1_25' title='bbox 131 934 325 1006; x_wconf 68' lang='lat' dir='ltr'>decentes</span> <span class='ocrx_word' id='word_1_26' title='bbox 352 941 480 1028; x_wconf 78' lang='lat' dir='ltr'>erant,</span> <span class='ocrx_word' id='word_1_27' title='bbox 508 955 757 1006; x_wconf 84' lang='lat' dir='ltr'>comumnes</span> <span class='ocrx_word' id='word_1_28' title='bbox 785 931 924 1006; x_wconf 77' lang='lat' dir='ltr'><strong>milites</strong></span> <span class='ocrx_word' id='word_1_29' title='bbox 952 931 1056 1029; x_wconf 73' lang='lat' dir='ltr'>eius,</span> <span class='ocrx_word' id='word_1_30' title='bbox 1082 943 1242 1032; x_wconf 74' lang='lat' dir='ltr'>excepto</span> 
     </span>
     <span class='ocr_line' id='line_1_6' title="bbox 143 1031 1357 1132; baseline 0.001 -25"><span class='ocrx_word' id='word_1_31' title='bbox 143 1032 226 1110; x_wconf 83' lang='lat' dir='ltr'>solo</span> <span class='ocrx_word' id='word_1_32' title='bbox 253 1031 372 1108; x_wconf 85' lang='lat' dir='ltr'>milite</span> <span class='ocrx_word' id='word_1_33' title='bbox 400 1032 627 1130; x_wconf 83' lang='lat' dir='ltr'>probissimo</span> <span class='ocrx_word' id='word_1_34' title='bbox 654 1032 836 1108; x_wconf 80' lang='lat' dir='ltr'>Batcutno</span> <span class='ocrx_word' id='word_1_35' title='bbox 864 1032 1010 1109; x_wconf 88' lang='lat' dir='ltr'>scilicet</span> <span class='ocrx_word' id='word_1_36' title='bbox 1033 1035 1082 1106; x_wconf 85' lang='lat' dir='ltr'>de</span> <span class='ocrx_word' id='word_1_37' title='bbox 1104 1032 1243 1132; x_wconf 77' lang='lat' dir='ltr'>Strepi,</span> <span class='ocrx_word' id='word_1_38' title='bbox 1345 1073 1357 1090; x_wconf 88' lang='lat'>··</span> 
     </span>
     <span class='ocr_line' id='line_1_7' title="bbox 138 1133 1244 1232; baseline 0 -24"><span class='ocrx_word' id='word_1_39' title='bbox 138 1157 262 1231; x_wconf 87' lang='lat' dir='ltr'>equos</span> <span class='ocrx_word' id='word_1_40' title='bbox 281 1133 415 1208; x_wconf 83' lang='lat' dir='ltr'>lemeis</span> <span class='ocrx_word' id='word_1_41' title='bbox 435 1134 670 1232; x_wconf 85' lang='lat' dir='ltr'>cooperturis</span> <span class='ocrx_word' id='word_1_42' title='bbox 689 1144 844 1208; x_wconf 80' lang='lat' dir='ltr'>ornatos</span> <span class='ocrx_word' id='word_1_43' title='bbox 863 1134 1058 1208; x_wconf 84' lang='lat' dir='ltr'>haberent.</span> <span class='ocrx_word' id='word_1_44' title='bbox 1089 1135 1145 1208; x_wconf 88' lang='lat' dir='ltr'>De</span> <span class='ocrx_word' id='word_1_45' title='bbox 1165 1159 1244 1210; x_wconf 64' lang='lat' dir='ltr'>ser»</span> 
     </span>
     <span class='ocr_line' id='line_1_8' title="bbox 141 1234 1243 1334; baseline 0.004 -28"><span class='ocrx_word' id='word_1_46' title='bbox 141 1234 330 1310; x_wconf 80' lang='lat' dir='ltr'>viantibus</span> <span class='ocrx_word' id='word_1_47' title='bbox 351 1245 477 1310; x_wconf 79' lang='lat' dir='ltr'>autern</span> <span class='ocrx_word' id='word_1_48' title='bbox 499 1236 628 1334; x_wconf 87' lang='lat' dir='ltr'>plures</span> <span class='ocrx_word' id='word_1_49' title='bbox 651 1259 770 1334; x_wconf 79' lang='lat' dir='ltr'>equos</span> <span class='ocrx_word' id='word_1_50' title='bbox 790 1235 889 1308; x_wconf 80' lang='lat' dir='ltr'>ferro</span> <span class='ocrx_word' id='word_1_51' title='bbox 909 1245 1109 1334; x_wconf 86' lang='lat' dir='ltr'>coopertos</span> <span class='ocrx_word' id='word_1_52' title='bbox 1129 1236 1243 1310; x_wconf 88' lang='lat' dir='ltr'>habe-</span> 
     </span>
     <span class='ocr_line' id='line_1_9' title="bbox 140 1335 1244 1433; baseline 0 -24"><span class='ocrx_word' id='word_1_53' title='bbox 140 1339 251 1432; x_wconf 76' lang='lat' dir='ltr'>bant,</span> <span class='ocrx_word' id='word_1_54' title='bbox 279 1335 413 1410; x_wconf 83' lang='lat' dir='ltr'>armati</span> <span class='ocrx_word' id='word_1_55' title='bbox 437 1345 478 1408; x_wconf 89' lang='lat' dir='ltr'>ut</span> <span class='ocrx_word' id='word_1_56' title='bbox 496 1335 645 1410; x_wconf 83' lang='lat' dir='ltr'><strong>milites.</strong></span> <span class='ocrx_word' id='word_1_57' title='bbox 698 1335 792 1412; x_wconf 87' lang='lat' dir='ltr'>Viris</span> <span class='ocrx_word' id='word_1_58' title='bbox 811 1346 938 1411; x_wconf 84' lang='lat' dir='ltr'>autem</span> <span class='ocrx_word' id='word_1_59' title='bbox 958 1335 1146 1433; x_wconf 82' lang='lat' dir='ltr'>religiosis</span> <span class='ocrx_word' id='word_1_60' title='bbox 1166 1359 1244 1412; x_wconf 86' lang='lat' dir='ltr'>me·</span> 
     </span>
     <span class='ocr_line' id='line_1_10' title="bbox 129 1435 1243 1535; baseline 0 -25"><span class='ocrx_word' id='word_1_61' title='bbox 129 1435 343 1533; x_wconf 60' lang='lat' dir='ltr'>uticentibus,</span> <span class='ocrx_word' id='word_1_62' title='bbox 361 1447 495 1534; x_wconf 75' lang='lat' dir='ltr'>treuge</span> <span class='ocrx_word' id='word_1_63' title='bbox 510 1436 734 1535; x_wconf 76' lang='lat' dir='ltr'>interreges</span> <span class='ocrx_word' id='word_1_64' title='bbox 750 1435 1073 1513; x_wconf 84' lang='lat' dir='ltr'>fueruntlirmate.</span> <span class='ocrx_word' id='word_1_65' title='bbox 1111 1437 1243 1520; x_wconf 76' lang='lat' dir='ltr'>Castra</span> 
     </span>
     <span class='ocr_line' id='line_1_11' title="bbox 141 1536 1244 1637; baseline 0.005 -28"><span class='ocrx_word' id='word_1_66' title='bbox 141 1536 296 1635; x_wconf 85' lang='lat' dir='ltr'>quidem</span> <span class='ocrx_word' id='word_1_67' title='bbox 313 1561 385 1635; x_wconf 90' lang='lat' dir='ltr'>que</span> <span class='ocrx_word' id='word_1_68' title='bbox 400 1561 465 1612; x_wconf 85' lang='lat' dir='ltr'>rex</span> <span class='ocrx_word' id='word_1_69' title='bbox 480 1539 707 1616; x_wconf 80' lang='lat' dir='ltr'><strong>Francorum</strong></span> <span class='ocrx_word' id='word_1_70' title='bbox 724 1549 976 1637; x_wconf 84' lang='lat' dir='ltr'>occupaverat</span> <span class='ocrx_word' id='word_1_71' title='bbox 991 1537 1059 1614; x_wconf 85' lang='lat' dir='ltr'>sibi</span> <span class='ocrx_word' id='word_1_72' title='bbox 1078 1541 1244 1614; x_wconf 78' lang='lat' dir='ltr'>tenenda</span> 
     </span>
     <span class='ocr_line' id='line_1_12' title="bbox 142 1648 420 1712; baseline -0.004 -2"><span class='ocrx_word' id='word_1_73' title='bbox 142 1648 420 1712; x_wconf 83' lang='lat' dir='ltr'>remanserunt.</span> 
     </span>
    </p>

    <p class='ocr_par' dir='ltr' id='par_1_3' title="bbox 140 1737 1306 2039">
     <span class='ocr_line' id='line_1_13' title="bbox 218 1737 1306 1836; baseline -0.008 -24"><span class='ocrx_word' id='word_1_74' title='bbox 218 1737 494 1835; x_wconf 72' lang='lat' dir='ltr'>colemanno,</span> <span class='ocrx_word' id='word_1_75' title='bbox 513 1762 645 1814; x_wconf 84' lang='lat' dir='ltr'>meuse</span> <span class='ocrx_word' id='word_1_76' title='bbox 661 1738 769 1836; x_wconf 82' lang='lat' dir='ltr'>lulio,</span> <span class='ocrx_word' id='word_1_77' title='bbox 788 1738 974 1814; x_wconf 86' lang='lat' dir='ltr'>Henrious</span> <span class='ocrx_word' id='word_1_78' title='bbox 988 1761 1118 1816; x_wconf 87' lang='lat' dir='ltr'>comes</span> <span class='ocrx_word' id='word_1_79' title='bbox 1134 1737 1243 1812; x_wconf 86' lang='lat' dir='ltr'>Cam·</span> <span class='ocrx_word' id='word_1_80' title='bbox 1253 1750 1285 1804; x_wconf 77' lang='lat' dir='ltr'>tu</span> <span class='ocrx_word' id='word_1_81' title='bbox 1288 1751 1306 1809; x_wconf 92' lang='grc' dir='ltr'>ι</span> 
     </span>
     <span class='ocr_line' id='line_1_14' title="bbox 141 1838 1243 1953; baseline 0 -40"><span class='ocrx_word' id='word_1_82' title='bbox 141 1839 323 1938; x_wconf 77' lang='lat' dir='ltr'>parrensis</span> <span class='ocrx_word' id='word_1_83' title='bbox 341 1839 575 1914; x_wconf 84' lang='lat' dir='ltr'>Namurcum</span> <span class='ocrx_word' id='word_1_84' title='bbox 588 1839 711 1936; x_wconf 77' lang='lat' dir='ltr'>venit,</span> <span class='ocrx_word' id='word_1_85' title='bbox 737 1838 862 1953; x_wconf 79' lang='lat' dir='ltr'>ibique</span> <span class='ocrx_word' id='word_1_86' title='bbox 880 1861 1008 1938; x_wconf 89' lang='lat' dir='ltr'>perse</span> <span class='ocrx_word' id='word_1_87' title='bbox 1026 1849 1065 1914; x_wconf 88' lang='lat' dir='ltr'>et</span> <span class='ocrx_word' id='word_1_88' title='bbox 1090 1863 1160 1936; x_wconf 87' lang='lat' dir='ltr'>per</span> <span class='ocrx_word' id='word_1_89' title='bbox 1175 1839 1243 1913; x_wconf 85' lang='lat' dir='ltr'>bo-</span> 
     </span>
     <span class='ocr_line' id='line_1_15' title="bbox 140 1937 1244 2055; baseline 0.001 -41"><span class='ocrx_word' id='word_1_90' title='bbox 140 1940 283 2016; x_wconf 86' lang='lat' dir='ltr'>mines</span> <span class='ocrx_word' id='word_1_91' title='bbox 291 1965 382 2016; x_wconf 85' lang='lat' dir='ltr'>suos</span> <span class='ocrx_word' id='word_1_92' title='bbox 408 1940 547 2016; x_wconf 76' lang='lat' dir='ltr'>milites</span> <span class='ocrx_word' id='word_1_93' title='bbox 575 1941 735 2055; x_wconf 75' lang='lat' dir='ltr'>probos,</span> <span class='ocrx_word' id='word_1_94' title='bbox 764 1938 899 2038; x_wconf 82' lang='lat' dir='ltr'>quibus</span> <span class='ocrx_word' id='word_1_95' title='bbox 926 1949 1017 2015; x_wconf 90' lang='lat' dir='ltr'>tunc</span> <span class='ocrx_word' id='word_1_96' title='bbox 1035 1937 1244 2038; x_wconf 76' lang='lat' dir='ltr'>Campania</span> 
     </span>
    </p>

    <p class='ocr_par' dir='ltr' id='par_1_4' title="bbox 45 2039 1344 2341">
     <span class='ocr_line' id='line_1_16' title="bbox 45 2039 1242 2156; baseline 0 -42"><span class='ocrx_word' id='word_1_97' title='bbox 45 2133 52 2142; x_wconf 92' lang='lat'>.</span> <span class='ocrx_word' id='word_1_98' title='bbox 138 2039 318 2138; x_wconf 86' lang='lat' dir='ltr'>florebat</span> <span class='ocrx_word' id='word_1_99' title='bbox 345 2041 465 2118; x_wconf 85' lang='lat' dir='ltr'>liliam</span> <span class='ocrx_word' id='word_1_100' title='bbox 493 2041 642 2116; x_wconf 90' lang='lat' dir='ltr'>comitis</span> <span class='ocrx_word' id='word_1_101' title='bbox 661 2039 929 2156; x_wconf 84' lang='lat' dir='ltr'>Namuroensis</span> <span class='ocrx_word' id='word_1_102' title='bbox 956 2039 1093 2115; x_wconf 88' lang='lat' dir='ltr'>iuravit</span> <span class='ocrx_word' id='word_1_103' title='bbox 1117 2064 1159 2117; x_wconf 88' lang='lat' dir='ltr'>se</span> <span class='ocrx_word' id='word_1_104' title='bbox 1181 2064 1242 2124; x_wconf 79' lang='lat' dir='ltr'>ac·</span> 
     </span>
     <span class='ocr_line' id='line_1_17' title="bbox 141 2141 1344 2240; baseline -0.004 -26"><span class='ocrx_word' id='word_1_105' title='bbox 141 2151 343 2240; x_wconf 81' lang='lat' dir='ltr'>cepturum</span> <span class='ocrx_word' id='word_1_106' title='bbox 360 2167 533 2238; x_wconf 73' lang='lat' dir='ltr'>uxorem,</span> <span class='ocrx_word' id='word_1_107' title='bbox 553 2167 667 2240; x_wconf 89' lang='lat' dir='ltr'>quam</span> <span class='ocrx_word' id='word_1_108' title='bbox 686 2141 725 2216; x_wconf 95' lang='lat' dir='ltr'>in</span> <span class='ocrx_word' id='word_1_109' title='bbox 742 2152 871 2240; x_wconf 86' lang='lat' dir='ltr'>partes</span> <span class='ocrx_word' id='word_1_110' title='bbox 890 2165 992 2238; x_wconf 63' lang='lat' dir='ltr'>suas</span> <span class='ocrx_word' id='word_1_111' title='bbox 1020 2142 1152 2214; x_wconf 88' lang='lat' dir='ltr'>&#39;unum</span> <span class='ocrx_word' id='word_1_112' title='bbox 1178 2166 1242 2214; x_wconf 86' lang='lat' dir='ltr'>an·</span> <span class='ocrx_word' id='word_1_113' title='bbox 1253 2153 1285 2207; x_wconf 85' lang='grc' dir='ltr'>ι.</span> <span class='ocrx_word' id='word_1_114' title='bbox 1299 2152 1344 2210; x_wconf 79' lang='lat' dir='ltr'>aa</span> 
     </span>
     <span class='ocr_line' id='line_1_18' title="bbox 141 2242 1242 2341; baseline -0.004 -25"><span class='ocrx_word' id='word_1_115' title='bbox 141 2267 234 2316; x_wconf 92' lang='lat' dir='ltr'>num</span> <span class='ocrx_word' id='word_1_116' title='bbox 252 2243 473 2341; x_wconf 75' lang='lat' dir='ltr'>habentem,</span> <span class='ocrx_word' id='word_1_117' title='bbox 500 2243 587 2316; x_wconf 91' lang='lat' dir='ltr'>vehi</span> <span class='ocrx_word' id='word_1_118' title='bbox 612 2242 711 2316; x_wconf 85' lang='lat' dir='ltr'>fecit.</span> <span class='ocrx_word' id='word_1_119' title='bbox 764 2242 902 2316; x_wconf 85' lang='lat' dir='ltr'>Comes</span> <span class='ocrx_word' id='word_1_120' title='bbox 930 2252 1058 2324; x_wconf 86' lang='lat' dir='ltr'>autem</span> <span class='ocrx_word' id='word_1_121' title='bbox 1085 2243 1242 2317; x_wconf 82' lang='lat' dir='ltr'>Nemur-</span> 
     </span>
    </p>

    <p class='ocr_par' dir='ltr' id='par_1_5' title="bbox 8 2341 1242 2644">
     <span class='ocr_line' id='line_1_19' title="bbox 8 2341 1242 2441; baseline 0 -25"><span class='ocrx_word' id='word_1_122' title='bbox 8 2413 9 2416; x_wconf 74' lang='grc'>,</span> <span class='ocrx_word' id='word_1_123' title='bbox 137 2341 266 2418; x_wconf 87' lang='lat' dir='ltr'>censis</span> <span class='ocrx_word' id='word_1_124' title='bbox 294 2342 344 2416; x_wconf 94' lang='lat' dir='ltr'>ibi</span> <span class='ocrx_word' id='word_1_125' title='bbox 367 2342 592 2418; x_wconf 76' lang='lat' dir='ltr'><strong>securitates</strong></span> <span class='ocrx_word' id='word_1_126' title='bbox 610 2345 657 2416; x_wconf 23' lang='lat' dir='ltr'>*ab</span> <span class='ocrx_word' id='word_1_127' title='bbox 676 2341 891 2418; x_wconf 87' lang='lat' dir='ltr'>hominibus</span> <span class='ocrx_word' id='word_1_128' title='bbox 909 2341 989 2416; x_wconf 91' lang='lat' dir='ltr'>suis</span> <span class='ocrx_word' id='word_1_129' title='bbox 1007 2365 1123 2441; x_wconf 87' lang='lat' dir='ltr'>super</span> <span class='ocrx_word' id='word_1_130' title='bbox 1139 2352 1242 2416; x_wconf 88' lang='lat' dir='ltr'>term</span> 
     </span>
     <span class='ocr_line' id='line_1_20' title="bbox 137 2442 1240 2543; baseline -0.002 -25"><span class='ocrx_word' id='word_1_131' title='bbox 137 2467 211 2518; x_wconf 84' lang='lat' dir='ltr'>sua</span> <span class='ocrx_word' id='word_1_132' title='bbox 230 2455 319 2543; x_wconf 86' lang='lat' dir='ltr'>post</span> <span class='ocrx_word' id='word_1_133' title='bbox 335 2445 535 2519; x_wconf 80' lang='lat' dir='ltr'>decessum</span> <span class='ocrx_word' id='word_1_134' title='bbox 551 2442 894 2538; x_wconf 69' lang='lat' dir='ltr'>suumebtinenda,</span> <span class='ocrx_word' id='word_1_135' title='bbox 912 2453 991 2517; x_wconf 91' lang='lat' dir='ltr'>tam</span> <span class='ocrx_word' id='word_1_136' title='bbox 1015 2468 1036 2518; x_wconf 92' lang='lat' dir='ltr'>a</span> <span class='ocrx_word' id='word_1_137' title='bbox 1059 2442 1240 2520; x_wconf 76' lang='lat' dir='ltr'>militibus</span> 
     </span>
     <span class='ocr_line' id='line_1_21' title="bbox 138 2544 1242 2644; baseline -0.002 -26"><span class='ocrx_word' id='word_1_138' title='bbox 138 2569 256 2643; x_wconf 86' lang='lat' dir='ltr'>qnam</span> <span class='ocrx_word' id='word_1_139' title='bbox 273 2545 524 2620; x_wconf 85' lang='lat' dir='ltr'>servientibus</span> <span class='ocrx_word' id='word_1_140' title='bbox 542 2555 583 2620; x_wconf 88' lang='lat' dir='ltr'>et</span> <span class='ocrx_word' id='word_1_141' title='bbox 599 2544 850 2643; x_wconf 72' lang='lat' dir='ltr'>burgensibus</span> <span class='ocrx_word' id='word_1_142' title='bbox 871 2569 939 2644; x_wconf 91' lang='lat' dir='ltr'>per</span> <span class='ocrx_word' id='word_1_143' title='bbox 960 2553 1081 2618; x_wconf 88' lang='lat' dir='ltr'>totam</span> <span class='ocrx_word' id='word_1_144' title='bbox 1098 2554 1242 2619; x_wconf 85' lang='lat' dir='ltr'>terram</span> 
     </span>
    </p>

    <p class='ocr_par' dir='ltr' id='par_1_6' title="bbox 9 2645 1242 4357">
     <span class='ocr_line' id='line_1_22' title="bbox 9 2645 1241 2744; baseline -0.005 -21"><span class='ocrx_word' id='word_1_145' title='bbox 9 2652 16 2661; x_wconf 88' lang='lat'>&#39;</span> <span class='ocrx_word' id='word_1_146' title='bbox 136 2670 251 2722; x_wconf 83' lang='lat' dir='ltr'>suam</span> <span class='ocrx_word' id='word_1_147' title='bbox 265 2646 432 2722; x_wconf 82' lang='lat' dir='ltr'>exhiberi</span> <span class='ocrx_word' id='word_1_148' title='bbox 447 2645 548 2743; x_wconf 81' lang='lat' dir='ltr'>fecit,</span> <span class='ocrx_word' id='word_1_149' title='bbox 563 2647 662 2744; x_wconf 87' lang='lat' dir='ltr'>quod</span> <span class='ocrx_word' id='word_1_150' title='bbox 672 2645 834 2720; x_wconf 87' lang='lat' dir='ltr'>audiens</span> <span class='ocrx_word' id='word_1_151' title='bbox 848 2669 978 2720; x_wconf 87' lang='lat' dir='ltr'>comes</span> <span class='ocrx_word' id='word_1_152' title='bbox 988 2645 1241 2721; x_wconf 85' lang='lat' dir='ltr'>Hancniensis</span> 
     </span>
     <span class='ocr_line' id='line_1_23' title="bbox 140 2745 1241 2862; baseline -0.002 -42"><span class='ocrx_word' id='word_1_153' title='bbox 140 2747 372 2860; x_wconf 81' lang='lat' dir='ltr'>Namuroum</span> <span class='ocrx_word' id='word_1_154' title='bbox 397 2773 485 2822; x_wconf 91' lang='lat' dir='ltr'>cum</span> <span class='ocrx_word' id='word_1_155' title='bbox 495 2747 645 2862; x_wconf 87' lang='lat' dir='ltr'>probis</span> <span class='ocrx_word' id='word_1_156' title='bbox 663 2758 703 2822; x_wconf 89' lang='lat' dir='ltr'>et</span> <span class='ocrx_word' id='word_1_157' title='bbox 720 2745 891 2822; x_wconf 86' lang='lat' dir='ltr'>discretis</span> <span class='ocrx_word' id='word_1_158' title='bbox 909 2745 1000 2820; x_wconf 88' lang='lat' dir='ltr'>viris</span> <span class='ocrx_word' id='word_1_159' title='bbox 1019 2745 1241 2844; x_wconf 86' lang='lat' dir='ltr'>simpliciter</span> 
     </span>
     <span class='ocr_line' id='line_1_24' title="bbox 137 2838 1241 2944; baseline 0 -22"><span class='ocrx_word' id='word_1_160' title='bbox 137 2856 180 2922; x_wconf 88' lang='lat' dir='ltr'>et</span> <span class='ocrx_word' id='word_1_161' title='bbox 192 2846 274 2922; x_wconf 90' lang='lat' dir='ltr'>sine</span> <span class='ocrx_word' id='word_1_162' title='bbox 289 2848 406 2922; x_wconf 87' lang='lat' dir='ltr'>armis</span> <span class='ocrx_word' id='word_1_163' title='bbox 419 2847 533 2944; x_wconf 82' lang='lat' dir='ltr'>venit,</span> <span class='ocrx_word' id='word_1_164' title='bbox 548 2838 803 2944; x_wconf 78' lang='lat' dir='ltr'>comitemque</span> <span class='ocrx_word' id='word_1_165' title='bbox 813 2847 1111 2922; x_wconf 88' lang='lat' dir='ltr'>Namurcensem</span> <span class='ocrx_word' id='word_1_166' title='bbox 1126 2872 1241 2922; x_wconf 85' lang='lat' dir='ltr'>avun·</span> 
     </span>
     <span class='ocr_line' id='line_1_25' title="bbox 137 2947 1240 3032; baseline -0.001 -10"><span class='ocrx_word' id='word_1_167' title='bbox 137 2948 269 3022; x_wconf 87' lang='lat' dir='ltr'>culum</span> <span class='ocrx_word' id='word_1_168' title='bbox 287 2972 400 3022; x_wconf 83' lang='lat' dir='ltr'>suum</span> <span class='ocrx_word' id='word_1_169' title='bbox 418 2948 456 3022; x_wconf 91' lang='lat' dir='ltr'>in</span> <span class='ocrx_word' id='word_1_170' title='bbox 475 2947 570 3021; x_wconf 86' lang='lat' dir='ltr'>atrio</span> <span class='ocrx_word' id='word_1_171' title='bbox 590 2947 719 3025; x_wconf 80' lang='lat' dir='ltr'>Sancti</span> <span class='ocrx_word' id='word_1_172' title='bbox 737 2947 899 3022; x_wconf 87' lang='lat' dir='ltr'>Albani</span> <span class='ocrx_word' id='word_1_173' title='bbox 889 2959 1083 3023; x_wconf 78' lang='lat' dir='ltr'>inventum</span> <span class='ocrx_word' id='word_1_174' title='bbox 1102 2948 1240 3032; x_wconf 85' lang='lat' dir='ltr'>eteius</span> 
     </span>
     <span class='ocr_line' id='line_1_26' title="bbox 138 3047 1241 3146; baseline -0.001 -23"><span class='ocrx_word' id='word_1_175' title='bbox 138 3048 314 3123; x_wconf 85' lang='lat' dir='ltr'>homines</span> <span class='ocrx_word' id='word_1_176' title='bbox 340 3059 378 3122; x_wconf 87' lang='lat' dir='ltr'>et</span> <span class='ocrx_word' id='word_1_177' title='bbox 400 3051 610 3146; x_wconf 84' lang='lat' dir='ltr'>burgenses</span> <span class='ocrx_word' id='word_1_178' title='bbox 630 3059 668 3122; x_wconf 91' lang='lat' dir='ltr'>et</span> <span class='ocrx_word' id='word_1_179' title='bbox 685 3047 825 3122; x_wconf 88' lang='lat' dir='ltr'>milites</span> <span class='ocrx_word' id='word_1_180' title='bbox 843 3049 1097 3146; x_wconf 83' lang='lat' dir='ltr'>summonuit,</span> <span class='ocrx_word' id='word_1_181' title='bbox 1124 3059 1167 3121; x_wconf 89' lang='lat' dir='ltr'>ut</span> <span class='ocrx_word' id='word_1_182' title='bbox 1182 3072 1241 3122; x_wconf 88' lang='lat' dir='ltr'>se-</span> 
     </span>
     <span class='ocr_line' id='line_1_27' title="bbox 137 3147 1240 3247; baseline -0.004 -24"><span class='ocrx_word' id='word_1_183' title='bbox 137 3148 321 3224; x_wconf 85' lang='lat' dir='ltr'>curitates</span> <span class='ocrx_word' id='word_1_184' title='bbox 340 3160 379 3223; x_wconf 91' lang='lat' dir='ltr'>et</span> <span class='ocrx_word' id='word_1_185' title='bbox 395 3148 598 3222; x_wconf 89' lang='lat' dir='ltr'>fidelitates</span> <span class='ocrx_word' id='word_1_186' title='bbox 617 3147 715 3247; x_wconf 89' lang='lat' dir='ltr'>patri</span> <span class='ocrx_word' id='word_1_187' title='bbox 736 3171 806 3222; x_wconf 91' lang='lat' dir='ltr'>suo</span> <span class='ocrx_word' id='word_1_188' title='bbox 826 3158 864 3222; x_wconf 92' lang='lat' dir='ltr'>et</span> <span class='ocrx_word' id='word_1_189' title='bbox 887 3147 999 3221; x_wconf 86' lang='lat' dir='ltr'>matri</span> <span class='ocrx_word' id='word_1_190' title='bbox 1018 3172 1086 3222; x_wconf 89' lang='lat' dir='ltr'>sue</span> <span class='ocrx_word' id='word_1_191' title='bbox 1105 3148 1240 3247; x_wconf 80' lang='lat' dir='ltr'>primo,</span> 
     </span>
     <span class='ocr_line' id='line_1_28' title="bbox 139 3248 1241 3347; baseline 0.001 -24"><span class='ocrx_word' id='word_1_192' title='bbox 139 3249 274 3326; x_wconf 83' lang='lat' dir='ltr'>deinde</span> <span class='ocrx_word' id='word_1_193' title='bbox 292 3249 361 3324; x_wconf 86' lang='lat' dir='ltr'>sibi</span> <span class='ocrx_word' id='word_1_194' title='bbox 379 3251 500 3324; x_wconf 83' lang='lat' dir='ltr'>factas</span> <span class='ocrx_word' id='word_1_195' title='bbox 520 3251 776 3347; x_wconf 77' lang='lat' dir='ltr'>observarent,</span> <span class='ocrx_word' id='word_1_196' title='bbox 795 3259 990 3346; x_wconf 84' lang='lat' dir='ltr'>tamquam</span> <span class='ocrx_word' id='word_1_197' title='bbox 1009 3271 1125 3347; x_wconf 86' lang='lat' dir='ltr'>super</span> <span class='ocrx_word' id='word_1_198' title='bbox 1142 3248 1241 3324; x_wconf 87' lang='lat' dir='ltr'>iusta</span> 
     </span>
     <span class='ocr_line' id='line_1_29' title="bbox 139 3348 1242 3450; baseline -0.001 -26"><span class='ocrx_word' id='word_1_199' title='bbox 139 3351 349 3426; x_wconf 86' lang='lat' dir='ltr'>hereditate</span> <span class='ocrx_word' id='word_1_200' title='bbox 364 3376 450 3447; x_wconf 77' lang='lat' dir='ltr'>sua5</span> <span class='ocrx_word' id='word_1_201' title='bbox 470 3349 725 3450; x_wconf 87' lang='lat' dir='ltr'>comitemque</span> <span class='ocrx_word' id='word_1_202' title='bbox 739 3348 947 3448; x_wconf 81' lang='lat' dir='ltr'>Campanis</span> <span class='ocrx_word' id='word_1_203' title='bbox 965 3349 1115 3448; x_wconf 79' lang='lat' dir='ltr'>rogavit</span> <span class='ocrx_word' id='word_1_204' title='bbox 1132 3360 1171 3424; x_wconf 92' lang='lat' dir='ltr'>et</span> <span class='ocrx_word' id='word_1_205' title='bbox 1187 3350 1242 3423; x_wconf 93' lang='lat' dir='ltr'>in·</span> 
     </span>
     <span class='ocr_line' id='line_1_30' title="bbox 137 3450 1240 3549; baseline -0.005 -21"><span class='ocrx_word' id='word_1_206' title='bbox 137 3451 271 3549; x_wconf 69' lang='lat' dir='ltr'>sinuit,</span> <span class='ocrx_word' id='word_1_207' title='bbox 291 3465 333 3528; x_wconf 88' lang='lat' dir='ltr'>ut</span> <span class='ocrx_word' id='word_1_208' title='bbox 349 3452 568 3528; x_wconf 86' lang='lat' dir='ltr'>hereditatis</span> <span class='ocrx_word' id='word_1_209' title='bbox 588 3475 656 3526; x_wconf 90' lang='lat' dir='ltr'>sue</span> <span class='ocrx_word' id='word_1_210' title='bbox 670 3450 894 3528; x_wconf 83' lang='lat' dir='ltr'>securitates</span> <span class='ocrx_word' id='word_1_211' title='bbox 908 3451 969 3526; x_wconf 88' lang='lat' dir='ltr'>vel</span> <span class='ocrx_word' id='word_1_212' title='bbox 987 3450 1157 3526; x_wconf 90' lang='lat' dir='ltr'>hominia</span> <span class='ocrx_word' id='word_1_213' title='bbox 1169 3450 1240 3524; x_wconf 91' lang='lat' dir='ltr'>sibi</span> 
     </span>
     <span class='ocr_line' id='line_1_31' title="bbox 134 3551 1240 3653; baseline -0.002 -25"><span class='ocrx_word' id='word_1_214' title='bbox 134 3564 453 3652; x_wconf 75' lang='lat' dir='ltr'>nonusurparet5</span> <span class='ocrx_word' id='word_1_215' title='bbox 471 3577 688 3653; x_wconf 87' lang='lat' dir='ltr'>proponens</span> <span class='ocrx_word' id='word_1_216' title='bbox 707 3553 754 3650; x_wconf 82' lang='lat' dir='ltr'>ei,</span> <span class='ocrx_word' id='word_1_217' title='bbox 772 3554 873 3651; x_wconf 87' lang='lat' dir='ltr'>quod</span> <span class='ocrx_word' id='word_1_218' title='bbox 892 3551 973 3651; x_wconf 85' lang='lat' dir='ltr'>ipse</span> <span class='ocrx_word' id='word_1_219' title='bbox 992 3551 1110 3626; x_wconf 88' lang='lat' dir='ltr'>filiam</span> <span class='ocrx_word' id='word_1_220' title='bbox 1130 3577 1240 3627; x_wconf 89' lang='lat' dir='ltr'>suam</span> 
     </span>
     <span class='ocr_line' id='line_1_32' title="bbox 136 3653 1241 3754; baseline -0.002 -24"><span class='ocrx_word' id='word_1_221' title='bbox 136 3654 314 3754; x_wconf 77' lang='lat' dir='ltr'>accipere</span> <span class='ocrx_word' id='word_1_222' title='bbox 332 3677 490 3730; x_wconf 87' lang='lat' dir='ltr'>uxorem</span> <span class='ocrx_word' id='word_1_223' title='bbox 507 3655 705 3754; x_wconf 81' lang='lat' dir='ltr'>iuraverit</span> <span class='ocrx_word' id='word_1_224' title='bbox 733 3666 771 3728; x_wconf 89' lang='lat' dir='ltr'>et</span> <span class='ocrx_word' id='word_1_225' title='bbox 788 3653 846 3728; x_wconf 89' lang='lat' dir='ltr'>sui</span> <span class='ocrx_word' id='word_1_226' title='bbox 864 3654 1051 3752; x_wconf 63' lang='lat' dir='ltr'>homines</span> <span class='ocrx_word' id='word_1_227' title='bbox 1076 3654 1140 3752; x_wconf 90' lang='lat' dir='ltr'>qui</span> <span class='ocrx_word' id='word_1_228' title='bbox 1157 3679 1241 3753; x_wconf 87' lang='lat' dir='ltr'>pre·</span> 
     </span>
     <span class='ocr_line' id='line_1_33' title="bbox 134 3755 1241 3852; baseline -0.004 -22"><span class='ocrx_word' id='word_1_229' title='bbox 134 3765 267 3831; x_wconf 85' lang='lat' dir='ltr'>sentes</span> <span class='ocrx_word' id='word_1_230' title='bbox 303 3757 479 3852; x_wconf 78' lang='lat' dir='ltr'>aderant,</span> <span class='ocrx_word' id='word_1_231' title='bbox 514 3755 614 3830; x_wconf 87' lang='lat' dir='ltr'>idem</span> <span class='ocrx_word' id='word_1_232' title='bbox 650 3756 876 3830; x_wconf 90' lang='lat' dir='ltr'>iuraverant.</span> <span class='ocrx_word' id='word_1_233' title='bbox 938 3755 1075 3829; x_wconf 87' lang='lat' dir='ltr'>Comes</span> <span class='ocrx_word' id='word_1_234' title='bbox 1112 3765 1241 3830; x_wconf 89' lang='lat' dir='ltr'>autem</span> 
     </span>
     <span class='ocr_line' id='line_1_34' title="bbox 137 3810 1241 3970; baseline -0.002 -38"><span class='ocrx_word' id='word_1_235' title='bbox 137 3858 404 3932; x_wconf 80' lang='lat' dir='ltr'>Namuroensis</span> <span class='ocrx_word' id='word_1_236' title='bbox 424 3810 511 3930; x_wconf 77' lang='lat' dir='ltr'>briei</span> <span class='ocrx_word' id='word_1_237' title='bbox 536 3866 574 3931; x_wconf 89' lang='lat' dir='ltr'>et</span> <span class='ocrx_word' id='word_1_238' title='bbox 597 3856 798 3930; x_wconf 89' lang='lat' dir='ltr'>iuramenti</span> <span class='ocrx_word' id='word_1_239' title='bbox 823 3856 1051 3970; x_wconf 80' lang='lat' dir='ltr'>religionem</span> <span class='ocrx_word' id='word_1_240' title='bbox 1067 3881 1160 3954; x_wconf 80' lang='lat' dir='ltr'>erga</span> <span class='ocrx_word' id='word_1_241' title='bbox 1177 3880 1241 3930; x_wconf 90' lang='lat' dir='ltr'>ne</span> 
     </span>
     <span class='ocr_line' id='line_1_35' title="bbox 140 3955 1242 4075; baseline 0.002 -44"><span class='ocrx_word' id='word_1_242' title='bbox 140 3968 269 4056; x_wconf 87' lang='lat' dir='ltr'>potem</span> <span class='ocrx_word' id='word_1_243' title='bbox 288 3983 401 4034; x_wconf 91' lang='lat' dir='ltr'>suum</span> <span class='ocrx_word' id='word_1_244' title='bbox 417 3983 665 4075; x_wconf 80' lang='lat' dir='ltr'>nequaquam</span> <span class='ocrx_word' id='word_1_245' title='bbox 689 3960 913 4072; x_wconf 81' lang='lat' dir='ltr'>observans,</span> <span class='ocrx_word' id='word_1_246' title='bbox 941 3955 1242 4033; x_wconf 88' lang='lat' dir='ltr'>matrimonium·</span> 
     </span>
     <span class='ocr_line' id='line_1_36' title="bbox 135 4057 1240 4172; baseline 0.002 -42.011"><span class='ocrx_word' id='word_1_247' title='bbox 135 4083 213 4172; x_wconf 82' lang='lat' dir='ltr'>que</span> <span class='ocrx_word' id='word_1_248' title='bbox 232 4059 309 4134; x_wconf 83' lang='lat' dir='ltr'>tilio</span> <span class='ocrx_word' id='word_1_249' title='bbox 328 4059 476 4134; x_wconf 89' lang='lat' dir='ltr'>comitis</span> <span class='ocrx_word' id='word_1_250' title='bbox 496 4058 749 4134; x_wconf 87' lang='lat' dir='ltr'>Hancniensis</span> <span class='ocrx_word' id='word_1_251' title='bbox 768 4085 854 4133; x_wconf 88' lang='lat' dir='ltr'>eum</span> <span class='ocrx_word' id='word_1_252' title='bbox 873 4059 1012 4132; x_wconf 90' lang='lat' dir='ltr'>comite</span> <span class='ocrx_word' id='word_1_253' title='bbox 1033 4057 1240 4171; x_wconf 77' lang='lat' dir='ltr'>Campanis</span> 
     </span>
     <span class='ocr_line' id='line_1_37' title="bbox 140 4157 1241 4273; baseline -0.001 -42"><span class='ocrx_word' id='word_1_254' title='bbox 140 4159 263 4273; x_wconf 81' lang='lat' dir='ltr'>primo</span> <span class='ocrx_word' id='word_1_255' title='bbox 291 4161 456 4235; x_wconf 87' lang='lat' dir='ltr'>iuratum</span> <span class='ocrx_word' id='word_1_256' title='bbox 489 4172 782 4261; x_wconf 73' lang='lat' dir='ltr'>contempnens,</span> <span class='ocrx_word' id='word_1_257' title='bbox 816 4159 945 4234; x_wconf 87' lang='lat' dir='ltr'>comiti</span> <span class='ocrx_word' id='word_1_258' title='bbox 973 4157 1241 4258; x_wconf 86' lang='lat' dir='ltr'>Campaniensi</span> 
     </span>
     <span class='ocr_line' id='line_1_38' title="bbox 134 4259 1242 4388; baseline -0.002 -55"><span class='ocrx_word' id='word_1_259' title='bbox 134 4259 363 4388; x_wconf 81' lang='lat' dir='ltr'>securitates</span> <span class='ocrx_word' id='word_1_260' title='bbox 382 4275 420 4337; x_wconf 90' lang='lat' dir='ltr'>et</span> <span class='ocrx_word' id='word_1_261' title='bbox 436 4263 606 4338; x_wconf 89' lang='lat' dir='ltr'>hominia</span> <span class='ocrx_word' id='word_1_262' title='bbox 625 4265 670 4336; x_wconf 88' lang='lat' dir='ltr'>ab</span> <span class='ocrx_word' id='word_1_263' title='bbox 690 4261 905 4336; x_wconf 89' lang='lat' dir='ltr'>hominibus</span> <span class='ocrx_word' id='word_1_264' title='bbox 930 4259 1027 4357; x_wconf 75' lang='lat' dir='ltr'>suis,</span> <span class='ocrx_word' id='word_1_265' title='bbox 1056 4259 1242 4334; x_wconf 89' lang='lat' dir='ltr'>contradi-</span> 
     </span>
    </p>
   </div>
   <div class='ocr_carea' id='block_1_3' title="bbox 969 4379 1009 4446">
    <p class='ocr_par' dir='ltr' id='par_1_7' title="bbox 969 4379 1009 4446">
     <span class='ocr_line' id='line_1_39' title="bbox 969 4379 1009 4446; baseline -0.05 0"><span class='ocrx_word' id='word_1_266' title='bbox 969 4379 1009 4446; x_wconf 79' lang='lat'>12</span> 
     </span>
    </p>
   </div>
   <div class='ocr_carea' id='block_1_4' title="bbox 0 0 1564 4786">
    <p class='ocr_par' dir='ltr' id='par_1_8' title="bbox 0 0 1564 4786">
     <span class='ocr_line' id='line_1_40' title="bbox 0 0 1564 4786; baseline 0 1"><span class='ocrx_word' id='word_1_267' title='bbox 0 0 1564 4786; x_wconf 95' lang='lat' dir='ltr'> </span> 
     </span>
    </p>
   </div>
  </div>
 </body>
</html>
