3002 4790
327 347 602 477 chronicon
629 369 941 476 hanoniensis.
986 393 988 398 ’
1103 403 1178 476 aar

86 601 236 698 suo‚··in
266 623 335 676 stra
362 601 579 676 infirmitate
598 593 788 698 ordinato,
814 600 886 701 ipsi
913 600 1074 675 ecclesie
1093 600 1274 674 Mel-¹¹⁹5·-

86 703 259 779 bodieusi
273 703 447 778 dominus
462 727 590 777 comes
606 728 741 777 nemus
757 703 941 802 quoddam
963 726 1079 802 prope
1095 700 1184 774 Mel-

86 805 253 900 bodium3
272 807 368 902 quod
387 828 456 904 per
474 805 614 904 aliquot
628 829 749 878 annos
763 801 902 878 iniuste
918 814 1044 880 contra
1060 803 1183 902 ipsam

88 905 293 979 ecclesiam
311 917 504 1003 tenuerat,
531 909 628 1004 quod
649 906 798 1004 quidem
826 929 960 979 nemus
981 909 1026 977 de
1046 903 1185 982 elemo?

89 1007 174 1082 sina
204 1007 408 1104 dicebatur,
434 1007 553 1082 libere.
578 1007 754 1102 restituit,
780 1006 893 1081 nichil
921 1004 1184 1078 dominationis

88 1109 153 1180 vel
170 1107 261 1182 iuris
281 1107 317 1180 in
337 1108 401 1181 illo
419 1108 488 1182 sibi
507 1109 688 1205 retinens
714 1117 900 1205 statuens,
926 1117 966 1180 ut
985 1107 1104 1204 ipsius
1123 1129 1186 1180 ne·

12 1255 15 1264 ·
88 1208 207 1282 moris
225 1220 431 1306 proventus
450 1233 584 1282 omnes
609 1209 742 1284 tamin
763 1209 876 1283 fundo
897 1232 1009 1307 quam
1024 1208 1065 1286 in
1086 1231 1188 1282 cum-

9 1339 11 1348 *
89 1310 151 1385 blo
177 1310 214 1381 in
241 1320 376 1384 vestes
397 1311 632 1384 dominarum
660 1319 936 1383 convertantur.
980 1309 1088 1404 Quod
1111 1307 1188 1408 qni·

91 1414 185 1486 dem.
203 1409 286 1509 ipse
305 1433 435 1485 comes
455 1412 595 1509 scripto
623 1421 661 1485 et
685 1410 811 1509 sigillo
832 1435 901 1484 suo
922 1410 1083 1484 ecclesie
1103 1407 1207 1482 con?

90 1509 266 1584 firmavit.
516 1547 519 1554 ·
916 1545 918 1550 ·

94 1671 97 1682 r
168 1613 223 1684 Ab
249 1612 356 1684 annis
383 1621 494 1685 antea
516 1612 720 1686 transactis
749 1612 897 1685 circiter
923 1614 946 1686 9
974 1611 1113 1684 Hoelus
1143 1615 1188 1684 de

9 1747 11 1752 ·
92 1711 265 1810 Kauren,
287 1712 344 1784 vir
364 1713 698 1809 prudentissimus,
723 1712 928 1805 decimam,
954 1727 1067 1810 quam
1087 1737 1108 1784 a
1128 1713 1190 1783 do·

95 1813 197 1886 mino
218 1814 354 1886 comite
374 1812 605 1888 Hanoniensi
623 1817 777 1886 tenebat
795 1814 892 1912 apud
911 1810 1104 1909 nearent,
1131 1837 1190 1887 as·
1246 1847 1247 1852 ¹

95 1913 269 2011 signauit
292 1938 359 2013 per
391 1925 545 1987 manum
576 1914 716 1988 domini
749 1913 896 1988 comitis
922 1913 1190 1987 Cameracensi

9 2033 10 2038 ’
95 2015 271 2109 ecclesie,
297 2027 337 2087 ut
355 2015 587 2088 sacerdosin
609 2014 836 2089 ecclesiane
854 2015 1004 2088 Kauren
1024 2013 1191 2088 institue·

95 2125 221 2210 retur,
246 2115 308 2214 qui
334 2141 400 2214 pro
428 2117 550 2189 salute
578 2116 793 2190 animarum
815 2117 953 2190 domini
982 2116 1129 2188 comitis
1154 2126 1192 2188 et

9 2223 11 2272 ἓ
94 2216 202 2290 Hoeli
221 2215 343 2289 divina
370 2217 407 2290 in
436 2229 659 2316 perpetuum
681 2218 899 2290 celebraret.
947 2219 1032 2314 lpse
1064 2226 1190 2289 autem

9 2315 11 2388 ἶ
98 2340 252 2414 semper
270 2320 313 2389 ad
339 2318 411 2406 hec
436 2319 659 2416 complenda
685 2318 829 2391 institui
853 2326 925 2390 non
955 2328 1092 2415 potest,
1119 2317 1190 2402 nisi

98 2417 222 2491 habito
239 2414 434 2492 cuiuslibet
448 2419 587 2492 domini
603 2418 749 2492 comitis
760 2419 1013 2492 Hanoniensis
1028 2441 1191 2493 assensu
1240 2495 1243 2500 ,

10 2575 12 2582 .
99 2529 137 2592 et
154 2519 321 2592 consilio.
366 2520 445 2593 Heo
470 2520 618 2617 quidem
644 2520 793 2619 scriptis
822 2530 953 2594 ettam
973 2521 1111 2595 domini
1133 2544 1192 2594 eo·

98 2619 197 2694 mitis
212 2621 465 2706 Hanoniensis
481 2645 592 2719 quam
609 2621 897 2696 Cameracensis
913 2623 1075 2696 ecclesie
1091 2622 1192 2720 sigil-

10 2755 12 2812 g
98 2720 144 2791 lis
164 2719 385 2793 confirmata
403 2723 563 2794 fuerunt.
1280 2811 1282 2821 Ι

173 2822 227 2893 Ab
255 2821 362 2900 anuis
390 2831 539 2919 quoque
564 2829 674 2896 antea
694 2821 881 2920 preteritis
901 2822 1114 2922 sepedictus
1134 2846 1192 2896 co·

100 2943 182 2993 mes
200 2921 452 2994 Hanoniensis
471 2921 694 3019 balduinus3
709 2924 888 2995 vmarchio
908 2923 1192 3021 Namurcensis,

101 3022 322 3118 supradietis
350 3023 443 3120 patri
462 3046 531 3094 suo
549 3023 730 3096 Baldnino
750 3034 787 3096 et
804 3023 898 3094 Alidi
927 3025 1035 3096 matri
1061 3049 1130 3097 sue
1155 3025 1192 3097 in

11 3125 13 3196 ζ
101 3122 221 3195 sal-ute
253 3133 291 3196 et
325 3124 492 3196 remedio
524 3123 737 3195 animarum
768 3145 921 3195 suarum
957 3125 1193 3220 aliquatenus

100 3223 232 3296 volens
260 3213 471 3324 providere,
500 3232 583 3296 cum
612 3247 740 3296 eorum
767 3246 923 3321 corpora
952 3225 1194 3318 in'lllontensi

11 3363 15 3380 2
103 3323 263 3398 ecclesia
280 3329 388 3399 beate
397 3323 649 3398 Waldetrudls
665 3325 812 3422 sepulta
830 3333 961 3397 essent
975 3324 1194 3424 honorilice,
1225 3324 1227 3328 ’

104 3435 141 3498 et
167 3425 422 3512 anniversaria
450 3426 506 3500 eis
533 3429 580 3500 ab
603 3426 686 3524 ipsa
712 3425 875 3500 ecelesia
902 3449 974 3498 non
1002 3453 1047 3501 ex
1073 3427 1195 3501 debito

12 3531 13 3534 ’
103 3528 169 3600 sed
189 3549 235 3598 ex
253 3527 373 3626 gratia
393 3529 659 3600 exhiberentur
678 3537 716 3600 et
735 3551 820 3600 cum
835 3528 1078 3600 veneratione
1098 3529 1195 3601 cele-

102 3630 317 3726 brarentur,
344 3629 473 3702 statuit
498 3627 580 3726 ipse
606 3653 736 3702 comes
757 3653 886 3737 eorum
905 3627 1019 3728 lilius,
1046 3640 1086 3703 ut
1111 3654 1195 3727 per-

102 3739 215 3827 petua
235 3730 290 3803 eis
310 3730 576 3804 exhiberentur
603 3740 743 3803 etcum
764 3730 1006 3806 veneratione
1032 3731 1195 3804 celebra—

103 3830 681 3928 rentur·eorumanniversaria,
706 3841 786 3904 tam
805 3853 825 3903 a
845 3831 1067 3904 dominabus
1086 3835 1195 3904 beate

12 3971 13 3978 κ
104 3931 353 4006 Waldctrudis
374 3942 412 4005 et
430 3955 564 4006 earum
580 3931 789 4028 canonicis,
815 3956 927 4030 quam
955 3958 976 4004 a
1005 3931 1195 4004 canonicis

106 4035 224 4106 sancti
242 4033 431 4107 Germani.
483 4035 588 4108 Unde
613 4032 684 4131 ipsi
709 4032 871 4105 ecclesie
898 4038 1007 4107 beate
1034 4031 1305 4105 *walde-‘resa

13 4185 19 4204 ‚
105 4133 221 4206 trudis
246 4157 313 4208 sex
340 4135 454 4210 libras
481 4133 718 4208 denariorum
745 4133 782 4205 in
807 4134 983 4208 censibus
1011 4141 1195 4210 terrarum

109 4260 133 4333 l)
153 4260 307 4328 Quierraln,
327 4280 380 4315 arr.
400 4265 435 4317 do
454 4260 541 4329 llom,
557 4271 627 4317 caat.
648 4263 682 4316 de
702 4259 786 4317 Dour.
