3002 4790
258 397 527 488 Mtutsreutl
559 413 700 488 cunin
725 415 1050 490 HANONlENSlS.
1093 457 1095 460 ·
1130 420 1203 494 299

117 614 303 688 Heres
322 615 492 690 Balduini
511 618 557 689 de
575 615 800 690 valencenis
824 627 910 716 post
928 616 1066 690 dictum
1084 614 1203 713 Egidii

105 661 341 789 heredem
307 740 486 814 pincerna
506 727 574 790 est
803 783 810 790 .

178 817 301 890 Heres
320 817 419 890 Petri
439 829 685 891 conservator
710 819 785 892 vini
806 829 848 891 et
874 817 1054 892 infusor
1044 843 1082 890 m
1108 840 1203 890 vasa

104 911 192 988 vel
182 942 233 988 m
239 918 395 1016 cyphos
508 945 510 950 ⁸
922 954 925 966 »

178 1017 308 1092 Heres
318 1017 468 1092 Heluini
488 1019 698 1117 summarii,
717 978 755 1092 et
773 1020 961 1094 Gonterus
976 991 1099 1096 Cabos
1118 1042 1202 1118 por·

104 1128 246 1192 totores
266 1119 341 1193 vini
362 1131 400 1192 et
418 1121 617 1194 cuiuslibet
635 1120 809 1219 poculi.

163 1218 300 1293 Heres
327 1221 497 1294 eiusdem
520 1222 681 1308 Heluini
698 1219 894 1296 summarii
921 1220 1153 1320 panitarius
1156 1244 1201 1292 ex

103 1321 373 1417 acquisitione
369 1323 468 1394 lacta
487 1326 533 1394 ab
552 1324 693 1396 herede
712 1322 863 1396 Roberti
882 1322 1004 1395 baiuli.

178 1421 573 1520 Fremerins-portator
584 1423 705 1520 panis,
720 1434 758 1496 et
772 1434 831 1496 est
841 1426 887 1496 de
897 1422 1106 1496 ministerio
1118 1437 1200 1518 suo,

104 1524 201 1618 quod
222 1525 332 1595 debet
349 1525 475 1597 fecere
494 1525 620 1597 focum
639 1524 677 1598 in
690 1523 933 1598 ·Valenoenis.
1203 1533 1206 1540 ’

177 1623 353 1696 Hostiarii
372 1635 499 1697 autem
519 1625 656 1722 ubique
669 1628 808 1700 debent
826 1625 960 1698 lacere·
972 1624 1099 1696 focum
1115 1647 1201 1722 pre·

102 1731 161 1794 ter
177 1723 215 1794 in
233 1723 469 1798 valencenis.

161 1824 298 1899 Heres
318 1825 489 1902 Landrici
508 1825 744 1900 scutellarius
764 1837 834 1898 est.
1226 1905 1228 1908 ,

135 1976 138 1984 -
176 1926 486 2000 Heres'Herberti
505 1928 591 2000 dicti
611 1926 807 2000 camerarii
827 1925 949 2008 minor
968 1924 1199 1998 camerarius

103 2034 162 2096 est
181 2025 218 2097 in
238 2027 492 2101 dominatione
510 2027 799 2124 Valencenensi‚
826 2037 863 2100 et
880 2030 993 2101 dehet
1012 2026 1199 2099 custodire

10 2143 11 2210 j
104 2149 293 2199 cameram
323 2139 360 2200 et
385 2131 512 2202 facere
537 2129 657 2202 lectos
677 2139 715 2200 et
733 2139 915 2241 precepto
932 2127 1129 2201 camerarii
1120 2127 1200 2202 far

25 2295 28 2303 Δ
49 2243 54 2254 ·
103 2248 189 2298 cere
210 2229 386 2303 candelas
412 2241 449 2302 et
471 2233 627 2302 reddere
647 2253 713 2302 eas
733 2229 940 2302 camerario
965 2251 1035 2326 per
1052 2231 1199 2344 pondus

102 2335 141 2398 et
156 2328 350 2425 porrigere
366 2354 504 2429 aquam
520 2331 665 2404 clericis
681 2341 719 2403 et
733 2329 909 2403 militibus
926 2339 962 2402 et
978 2329 1199 2426 camerario,

9 2421 11 2430 '
102 2437 142 2499 ut
155 2429 322 2526 porrigat
341 2455 425 2504 eam
446 2432 572 2518 comiti
591 2442 629 2504 et
647 2431 850 2505 comitisse.

176 2529 386 2604 Scutellarii
412 2543 489 2606 tam
509 2534 727 2608 Montenses
756 2557 877 2632 quam
887 2531 1196 2604 Valencenenses

96 2629 241 2718 'habent
254 2657 393 2730 panem
407 2635 498 2708 salis
514 2659 641 2709 coram
657 2635 793 2708 comite
808 2644 846 2707 et
860 2658 987 2706 coram
1003 2631 1197 2706 comitissa

101 2751 140 2802 et
160 2731 338 2828 dapifero
1001 2775 1003 2781 v

177 2831 355 2905 Similiter
382 2834 548 2907 minores
568 2834 765 2922 camerarii
788 2836 929 2910 habent
956 2857 1090 2931 panes,
1117 2832 1196 2931 qui-

9 2929 18 2952 *
101 2933 170 3003 bus
191 2933 347 3006 candele
367 2933 478 3006 affixe
498 2944 584 3025 sunt
604 2959 729 3008 coram
746 2935 884 3010 comite
899 2946 936 3008 et
951 2934 1143 3012 comitissa
1159 2943 1197 3008 et

9 3067 11 3078 ν
100 3053 229 3104 coram
248 3035 428 3132 dapifero

10 3151 11 3154 ’
174 3134 294 3207 Heres
308 3135 497 3209 Lambertr
517 3135 742 3233 cognomine
766 3137 938 3208 Haverec
965 3133 1195 3209 camerarius

9 3231 10 3236 ’
101 3244 162 3305 est
188 3236 383 3310 comitisse
405 3219 564 3308 Hainoie
588 3236 724 3335 ubique
751 3237 936 3333 locorum,
964 3246 1002 3308 et
1029 3235 1196 3308 ministe-

99 3333 197 3407 rium
228 3337 315 3410 illud
355 3361 580 3411 concessum
620 3339 689 3410 luit
727 3340 932 3437 quondam,
970 3335 1195 3410 hereditarie

98 3435 372 3512 intercessione
392 3439 525 3514 nobilis
545 3443 696 3522 domine
715 3439 946 3537 Margarete,
973 3438 1063 3510 olim
1083 3439 1195 3512 comi-
1279 3451 1282 3458 ’

9 3525 15 3550 '
98 3534 191 3609 tisse
210 3539 386 3635 Hainoie‚
413 3540 499 3638 quia
518 3541 600 3638 ipse
619 3542 841 3615 Lambertus
861 3539 990 3613 duxit
980 3565 1017 3612 m
1038 3553 1193 3614 uxorem

98 3635 314 3736 Heluidem,
341 3666 413 3754 que
439 3645 485 3714 de
510 3641 680 3715 Flandria
709 3643 903 3741 cumipse
930 3643 1080 3718 domina
1100 3647 1195 3718 lllar·

98 3750 229 3834 gareta
249 3733 347 3813 ad
316 3767 395 3814 erus
415 3743 638 3857 obsequium
657 3754 828 3840 venerat,
847 3769 931 3817 cum
951 3744 1034 3844 ipsa
1049 3747 1194 3860 Marga-

28 3857 31 3864 ’
96 3851 176 3912 reta
196 3843 323 3939 nupsit
335 3843 528 3916 Baldumo
533 3844 672 3941 comiti,
692 3845 753 3943 qui
772 3845 946 3922 inmedio
963 3848 1192 3921 monasterio

9 4023 10 4026 Ἴ
97 3942 283 4016 lllontensi
304 3944 473 4060 sepultus
494 3955 566 4044 est
594 3956 631 4019 et
650 3948 723 4020 hoc
741 3947 881 4022 factum
900 3948 968 4020 fuit
987 3947 1122 4021 salvo
1113 3974 1192 4024 rure

96 4043 253 4116 Amandi
274 4045 480 4118 camerarii
1172 4127 1176 4135 ,

172 4142 357 4219 Henrious
377 4147 570 4220 Helbedus
589 4160 749 4223 venator
767 4161 828 4223 ost
845 4150 1179 4224 hereditarius.»

173 4244 213 4314 ln
224 4243 460 4321 Ostrevanno
477 4260 536 4322 est
550 4251 695 4349 dapifer
708 4252 820 4328 heres
831 4252 933 4324 Adde
945 4255 989 4326 de
1000 4252 1190 4366 Hordeng.
