3066 4788
331 483 334 488 .
364 425 643 500 CHRONlCON
669 426 990 526 HANONIENSE.
1174 429 1223 503 49

141 625 300 700 Olim
330 609 470 701 etenim
499 627 658 728 contigit
683 629 782 726 quod
800 629 951 727 quidam
970 651 1099 702 comes
1117 629 1221 701 Mon·

9 727 14 768 '⁵
120 671 252 825 sensis,
273 752 404 803 severo
422 729 579 803 consilio
595 728 721 804 habito
742 740 873 804 contra
891 729 1092 804 canonicas
1111 730 1220 804 beate

120 829 393 928 waldetrudis,
423 855 605 904 accensus
630 830 686 905 ira
708 829 845 906 iuravit
867 841 1022 930 repente
1047 830 1145 928 quod
1174 832 1218 902 ab

9 977 11 1032 3
121 957 199 1005 una
212 930 296 1004 die
286 955 323 1004 m
338 930 545 1005 crastinum
560 930 762 1006 canonicas
777 934 822 1006 ab
837 931 999 1024 ecclesia
1007 931 1220 1030 expelleret

9 1077 12 1120 5
121 1043 162 1106 et
179 1031 366 1106 clericos
356 1057 394 1105 ιιι
413 1033 546 1106 eadem
561 1033 726 1107 ecclesia
744 1033 968 1107 institueret.
999 1033 1113 1122 Quod
1133 1056 1219 1106 cum

9 1173 11 1176 ·
81 1171 83 1174 ·
117 1132 345 1207 dominabus
360 1158 428 1232 per
441 1135 641 1231 quemdam
653 1133 794 1206 domini
808 1133 956 1208 comitis
971 1133 1217 1208 secretarium

9 1267 10 1314 ι
119 1233 281 1309 fuisset
272 1233 503 1333 rntimatum,
521 1239 604 1335 ipse
623 1236 668 1310 ad
687 1245 828 1309 terram
847 1245 934 1308 ante
953 1258 1090 1335 corpus
1109 1237 1217 1309 beate

53 1421 56 1426 A
118 1336 373 1409 Waldetrudis
388 1346 577 1435 prostrate
591 1335 928 1436 proclamationem
940 1337 986 1409 ad
1000 1335 1214 1408 'Dominum
1228 1349 1260 1403 ’t
1273 1348 1310 1405 90.
1349 1393 1351 1396 .

9 1437 11 1472 ²
119 1437 486 1534 fecerunt,torantes
512 1448 554 1511 ut
577 1447 779 1511 casatam
804 1437 943 1512 iniusta
969 1437 1216 1536 oppressione

119 1537 296 1651 eriperet.
340 1538 509 1625 Quarum
526 1549 615 1612 vota
633 1540 734 1612 Deus
754 1564 799 1612 ex
818 1539 894 1612 alto
913 1538 1219 1638 prospicienS,ut

118 1637 157 1710 in
176 1638 288 1711 solito
302 1639 432 1712 ordine
446 1639 650 1737 etantiqua
667 1640 841 1714 libertattate
859 1649 1068 1736 manerent,
1086 1638 1215 1712 voluit.

118 1739 342 1813 Comest
277 1749 342 1812 aut
344 1764 403 1813 em
422 1739 542 1813 illem
556 1741 745 1854 sequenti·
737 1753 860 1814 macte
879 1751 1001 1814 morte
1020 1739 1119 1812 subit
1104 1751 1217 1813 tanea

12 1839 13 1842 ’
117 1851 322 1940 preventus
337 1867 359 1914 a
374 1842 502 1914 seculo
514 1840 673 1940 migravi
675 1841 822 1939 tritius,
835 1839 967 1938 ,sicque
978 1842 1076 1937 quod
1090 1841 1217 1916 facere

117 1942 220 2015 male
255 1943 507 2016 meditabatur
535 1942 789 2041 inperfectum
827 1941 1024 2016 remansit..
1073 1940 1216 2016 Deinde

114 2041 279 2140 contigit
300 2045 399 2140 quod
423 2043 573 2141 quidam
596 2068 743 2140 comeS,
768 2043 949 2118 Reinerus
967 2042 1133 2138 nomine,
1159 2042 1216 2117 vir

12 2177 13 2180 ¹
117 2142 322 2240 religiosus
341 2153 378 2216 et
401 2143 608 2240 litteratuS,
634 2145 696 2240 qui
719 2145 918 2218 ecclesiam
941 2147 1050 2219 beate
1068 2144 1217 2217 Walde·

115 2243 239 2314 trudis
252 2242 290 2313 in
304 2241 407 2313 horis
422 2243 688 2315 ecclesiasticis
702 2254 781 2315 tam
795 2244 989 2316 matutinis
1004 2269 1117 2340 quam
1132 2243 1215 2316 aliis

118 2343 255 2415 devote
274 2344 553 2455 frequentabat,
581 2343 627 2415 ad
655 2343 938 2457 suggestionem
967 2343 1217 2441 quorumdam
1254 2429 1256 2437 s

114 2449 294 2540 nequam,
314 2468 377 2540 qur
369 2442 566 2522 dicebant
584 2444 741 2518 clericos
760 2443 924 2518 melius
915 2471 952 2518 m
971 2445 1035 2517 illa
1055 2445 1217 2519 ecclesia

115 2567 232 2657 posse
259 2542 444 2658 proficere
469 2569 582 2642 quam
609 2544 800 2644 dominas,
827 2547 1026 2645 proposuit
1047 2547 1145 2644 quod
1170 2571 1216 2620 ex

116 2643 327 2759 improviso
345 2645 505 2719 clericos
523 2645 730 2720 intruderet
748 2657 786 2720 et
804 2649 975 2721 dominas
990 2649 1215 2722 extruderet.
1230 2676 1232 2682 ·

20 2755 22 2760 “
120 2743 327 2832 Quadam
318 2746 387 2844 rgit
389 2772 433 2818 ur
450 2757 538 2820 noct
540 2773 579 2845 e,
606 2747 759 2821 infesto
780 2748 900 2821 sancti
917 2749 1100 2823 Vincentii
1119 2774 1217 2822 mar·

9 2865 10 2868 ’
117 2845 200 2918 tiris
227 2846 310 2962 ipse
336 2871 464 2922 comes
491 2849 536 2920 ad
571 2849 844 2923 monasterium
878 2875 964 2922 cum
999 2849 1144 2924 clericis
1170 2851 1217 2924 ad

28 2965 30 2969 ’
116 2948 409 3046 occupationem
444 2949 720 3048 prebendarum
754 2951 977 3025 voluntariis
1014 2961 1052 3026 et
1086 2954 1131 3024 ab
1171 2976 1216 3025 eo

118 3049 252 3122 electis
277 3049 396 3146 venit,
429 3049 650 3123 dominabus
678 3052 799 3123 adhuc
826 3051 864 3123 in
896 3076 964 3124 suo
997 3052 1216 3124 dormitorio

115 3149 411 3246 dormientibuS,
439 3147 478 3221 et¹
500 3149 708 3247 incongrua
732 3151 1001 3224 matutinarum
1018 3153 1124 3247 hora,
1152 3153 1218 3223 ho-

118 3249 201 3323 stiis
222 3251 360 3323 clausis
380 3259 418 3324 et
436 3260 568 3323 contra
587 3250 757 3324 dominas
783 3251 985 3349 obturatiS,
1012 3251 1218 3324 matutinas

9 3433 11 3454 ι
117 3377 142 3424 a
157 3351 304 3424 clericis
317 3350 471 3424 intrusis
486 3351 629 3424 incoari
642 3352 772 3448 voluit,
793 3362 831 3426 et
849 3351 1110 3450 sollempniter
1123 3355 1219 3427 celc-

117 3452 230 3525 brari.
260 3451 415 3525 Clericis
434 3452 561 3550 itaque
574 3453 730 3526 vocibus
746 3453 925 3527 clamosis
944 3453 1218 3550 inchoantibus,

117 3552 273 3626 domine
292 3553 337 3626 de
353 3577 512 3666 sompno
530 3554 813 3653 evigilaverunt,
832 3566 1036 3659 properant
1038 3581 1153 3653 esque
1173 3559 1219 3630 ad

121 3653 396 3727 monasterium
415 3652 554 3727 intrare
573 3680 813 3753 nequaquam
831 3681 880 3755 po
884 3667 1045 3731 tuerunt.
1084 3657 1220 3732 Clerici

121 3753 379 3828 invitatorium
393 3779 594 3828 commune
614 3756 797 3855 dicebant,
818 3757 962 3832 scilicet
978 3759 1099 3832 Iustus
1116 3761 1220 3844 llore-

120 3853 183 3927 tu.
226 3855 443 3930 Canonice
432 3882 470 3928 ιιι
490 3857 655 3929 claustro
676 3859 722 3930 ad
740 3858 865 3931 hostia
883 3859 1102 3933 monasterii
1121 3869 1221 3930 stan·

9 3985 13 4026 ι
122 3965 182 4030 tes
208 3967 246 4030 et
271 3957 347 4030 virn
375 3957 445 4030 sibi
472 3956 616 4030 illatam
640 3958 790 4074 parient
792 3983 851 4056 ee,
879 3957 1000 4034 matut
1001 3960 1082 4033 inas
1109 3959 1171 4032 alt'
1147 3969 1220 4032 trus

9 4069 15 4162 ι,
126 4057 393 4172 decentiusque
431 4069 627 4155 tamquam
668 4060 775 4132 satis
799 4062 907 4135 docte
951 4061 1222 4150 inchoaverunt

9 4173 11 4234 l
122 4181 211 4230 cum
232 4159 383 4259 proprio
402 4159 629 4260 invitatorio,
650 4161 794 4236 scilicet
817 4161 962 4235 l'incent
946 4169 1016 4234 tem
1033 4162 1220 4235 mundum.

9 4255 11 4346 ξ
93 4293 97 4301 ·
123 4258 235 4346 Quod
255 4261 408 4335 audiens
427 4262 616 4361 predictus
636 4287 765 4337 comes
784 4263 908 4336 hostia
936 4261 1074 4363 aperiri
1101 4263 1222 4362 iussit,

9 4377 13 4390 .
948 4384 967 4446 4
1154 4397 1161 4408 N
