3118 4786
344 389 413 461 tet
742 323 1024 458 GlSLEBERTl

254 603 332 658 1188.
342 589 463 683 deret,
488 585 573 683 quia
593 609 699 658 mora
719 584 799 659 eius
818 584 867 658 ibi
886 585 955 658 sibi
974 584 1211 685 displicebat,
1240 588 1338 683 quod
1357 588 1445 685 qui-

342 689 428 762 dem
447 687 664 759 mandatum
684 710 812 760 comes
826 687 1077 762 Hauoniensis
1098 689 1142 760 ab
1162 689 1346 762 avunculo
1367 712 1444 762 suo

342 787 574 887 processisse
592 811 667 859 non
686 786 777 860 satis
797 789 982 862 credebat.
1023 787 1111 862 Post
1129 788 1326 887 prandium
1343 813 1437 862 vero

343 889 479 964 iterum
510 887 613 962 misit
643 913 771 962 comes
794 889 1061 963 Namuroensis
1093 890 1187 962 duos
1218 889 1357 964 milites
1390 891 1442 962 ad·

344 990 521 1063 comitem
545 989 843 1086 Hauoniensem,
871 989 1088 1088 significans
1112 990 1145 1064 ei
1173 992 1287 1088 quod,
1315 991 1386 1064 nisi
1416 1017 1443 1064 a.

345 1101 468 1165 castro
488 1090 734 1165 Namurcensi
759 1092 964 1188 recederet,
995 1091 1076 1191 ipse
1102 1091 1139 1163 in
1164 1093 1326 1165 crastino
1352 1117 1443 1190 pro·

344 1195 434 1266 bare
451 1192 584 1286 vellet,
615 1191 698 1287 quis
725 1215 856 1266 eorum
881 1192 930 1264 ibi
958 1193 1121 1266 maiores
1145 1192 1244 1268 viros
1267 1193 1443 1290 haberet„

345 1304 382 1366 et
409 1292 557 1366 interim
584 1291 761 1365 victualia
787 1304 825 1366 et
852 1303 977 1368 cetera
1003 1293 1150 1366 venalia
1177 1293 1212 1367 ei
1241 1293 1438 1368 inhiberet.

346 1393 482 1467 Comes
514 1403 658 1488 autem,
694 1393 883 1465 sociorum
914 1417 1068 1467 suorum
1104 1394 1232 1468 habito
1265 1394 1440 1492 consilio,
1471 1435 1474 1442 .

345 1493 491 1566 nunciis
519 1492 593 1564 illis
618 1495 827 1591 respondit,
860 1496 957 1591 quod
984 1494 1022 1566 in
1049 1495 1212 1568 crastino
1231 1497 1444 1594 recederet,

347 1595 411 1668 sed
439 1605 525 1667 ante
550 1617 744 1667 recessum
765 1619 874 1668 suum
894 1597 1077 1669 avunculo
1098 1620 1166 1669 suo
1185 1597 1288 1694 loqui
1306 1597 1443 1692 vellet,

347 1696 444 1793 quod
464 1687 613 1792 (pridem
633 1719 761 1769 comes
779 1695 1045 1770 Namurcensis
1064 1697 1260 1772 concessit.
1297 1697 1339 1770 ln
1357 1722 1441 1771 cra·

347 1797 444 1870 stino
464 1807 590 1870 autem
609 1819 737 1869 comes
756 1797 1018 1896 HauoniensiS,
1045 1809 1132 1896 post
1157 1798 1322 1872 auditam
1350 1800 1440 1870 mis·

347 1895 448 1993 sani,
477 1921 563 1970 cum
591 1896 766 1994 predictis
792 1899 966 1971 omnibus
993 1898 1104 1972 sociis
1132 1899 1209 1972 suis
1238 1901 1438 1974 castellum

346 1997 519 2110 superius
537 1996 700 2093 intravit,
718 1998 780 2069 ubi
799 2000 1113 2072 avunculussuus
1132 2000 1270 2075 milites
1289 2001 1442 2074 circiter

347 2103 396 2172 60
421 2122 551 2174 secum
581 2098 759 2192 habebat,
787 2120 882 2196 quos
909 2124 976 2197 pro
1004 2111 1107 2174 metu
1139 2101 1286 2174 comitis
1312 2102 1438 2174 llano·

347 2199 487 2274 niensis
500 2199 550 2272 ibi
565 2211 873 2298 congregaverat.
901 2201 1037 2274 Comes
1052 2200 1177 2300 itaque
1187 2203 1439 2277 Hauoniensis

348 2301 531 2375 avunculo
554 2325 621 2373 sno
646 2301 781 2374 iacenti
800 2327 867 2400 pre
884 2301 1101 2376 infirmitate
1120 2303 1226 2400 dixit,
1252 2305 1437 2377 universis

349 2400 601 2472 audientibus:
618 2401 781 2497 Domine,
801 2427 865 2498 apo
884 2401 979 2476 bona
997 2402 1068 2492 fide
1085 2427 1167 2476 cam
1184 2404 1310 2478 labore
1328 2412 1364 2478 et
1378 2429 1436 2478 aa·

262 2556 268 2572 .
344 2524 460 2596 pensa
479 2504 635 2594 propria
659 2524 930 2594 assumpseram
950 2527 1016 2597 per
1033 2505 1254 2610 volantatem
1277 2513 1436 2580 vestram

346 2607 440 2674 terre
463 2607 578 2674 vestre
597 2604 859 2696 protectionem
881 2609 914 2674 ct
937 2606 1129 2678 iusticiam.
1189 2605 1293 2680 Video
1314 2614 1437 2679 autem

347 2709 384 2775 ct
395 2700 508 2774 audio
523 2700 622 2797 qaod
639 2709 675 2774 et
690 2701 792 2775 vobis
809 2711 845 2776 et
861 2705 1080 2779 consiliariis
1092 2711 1219 2781 vestris
1234 2706 1437 2803 displiceat,

347 2826 429 2874 cam
446 2820 510 2875 vos
527 2825 583 2873 me
601 2827 625 2874 a
642 2801 757 2898 barpo
770 2811 887 2878 vestro
903 2809 997 2880 caira
1015 2811 1203 2903 coeperitis
1208 2837 1223 2903 ,·
1242 2808 1340 2906 qaod
1358 2810 1437 2906 qai·
1531 2831 1533 2880 2

348 2900 429 2976 dem
446 2926 510 2976 nec
527 2900 628 2976 vodis
640 2928 705 2977 nec
721 2905 808 2991 mibi
823 2905 1012 2980 honestam
1024 2907 1176 2982 videtur.
1211 2909 1241 2981 V
1237 2909 1297 2983 olo
1311 2913 1436 3007 ipitar,

346 3006 379 3076 si
391 3003 493 3078 vobis
500 3003 659 3102 placeat,
674 3029 698 3078 a
707 3004 778 3095 fide
790 3009 1005 3103 interposita
1021 3017 1055 3083 et
1065 3013 1269 3100 iuramento
1279 3013 1437 3106 prestito
1531 3021 1533 3094 j

344 3129 413 3200 pro
432 3104 526 3180 bono
545 3113 581 3178 et
591 3131 685 3201 pace
697 3114 818 3181 vestra
831 3134 887 3182 me
899 3111 1050 3184 liberam
1061 3135 1218 3205 prorsus
1231 3111 1435 3185 dimittatis.
1531 3127 1533 3202 j

347 3206 415 3279 Cui
433 3231 561 3280 comes
574 3209 839 3283 Namurcensis
858 3211 1061 3310 respondit,
1080 3212 1178 3306 quod
1197 3212 1290 3284 satis
1306 3238 1375 3308 per
1392 3235 1437 3287 se

281 3377 283 3382 .
346 3317 384 3380 et
401 3332 469 3404 per
487 3331 576 3380 suos
594 3319 734 3382 terram
760 3335 868 3384 suam
892 3321 1022 3408 posset
1047 3333 1281 3383 conservare.
1328 3312 1437 3387 Unde
1531 3329 1533 3390 1

346 3431 474 3480 comes
500 3407 749 3484 Hauoniensis
781 3437 803 3484 a
834 3409 1000 3483 custodia
1033 3433 1102 3482 sua
1133 3420 1170 3483 et
1201 3435 1224 3483 a
1252 3410 1440 3488 fidelitate·
1532 3415 1533 3480 ζ

344 3507 445 3580 facta
462 3507 634 3598 liberum
661 3522 700 3584 et
725 3512 938 3585 absolutum
969 3532 1054 3584 esse
1084 3511 1243 3586 volebat.
1296 3513 1439 3612 Sicque
1528 3557 1533 3620 ,

345 3631 473 3681 comes
495 3608 743 3686 Hananiensis
771 3612 964 3684 absolutus
983 3613 1028 3684 ab
1048 3614 1231 3686 avunculo
1251 3613 1360 3688 rediit
1387 3615 1436 3687 ad
1531 3643 1533 3686 r

342 3707 505 3808 propria.
1420 3793 1421 3800 χ
1531 3779 1533 3822 ,

417 3809 552 3884 Videns
572 3822 698 3886 autem
718 3837 846 3887 comes
864 3812 1114 3889 Hauoniensis
1140 3816 1338 3890 hereditati
1364 3841 1437 3890 sue

279 3953 286 3966 =-
341 3910 550 4008 periculum
569 3912 777 4009 imminere,
797 3927 986 3989 commoto
1007 3916 1170 3991 exercitu
1189 3917 1339 4014 festino,
1362 3917 1434 3990 Na·
1531 3947 1533 3980 r

340 4037 515 4086 marcum
531 4014 649 4112 venit,
678 4025 715 4088 et
738 4015 829 4088 illud
849 4042 934 4091 cum
952 4017 1081 4116 paucis
1101 4018 1262 4116 obsedit,
1291 4017 1434 4106 terram

339 4112 443 4185 illam
471 4139 709 4212 nequaquam
736 4118 956 4216 permittens
983 4118 1108 4216 predis
1126 4118 1186 4192 vel
1209 4119 1297 4218 igne
1315 4120 1432 4194 mole·
1530 4121 1533 4170 t

340 4213 442 4286 stari.
479 4214 519 4286 ln
543 4217 709 4306 crastino
730 4229 857 4294 autem
875 4231 960 4318 post
979 4220 1177 4293 adventum
1198 4244 1325 4318 suum,
1344 4245 1434 4294 oum
1460 4259 1462 4262 ·

657 4482 674 4540 a(

628 4635 642 4726 ,¹

433 4777 557 4784 ..Δ-μω
