3066 4788
280 403 329 474 88
542 409 544 414 ’
692 390 970 466 GlSLEBERTl

282 622 454 691 uxorem,
471 598 518 670 de
538 619 610 693 qua
629 593 712 692 ipse
730 591 827 665 lilios
847 589 977 664 habuit
995 599 1033 663 et
1049 586 1161 687 illias,
1180 591 1277 666 sicut
1295 597 1384 668 sub·

283 707 488 797 sequenter
505 699 552 771 de
570 695 719 768 illorum
738 690 966 766 sublimitate
994 689 1085 766 satis
1105 715 1174 789 per
1191 693 1381 791 presentis

283 799 413 898 scripti
432 796 608 872 noticiam
628 793 887 870 declarabitur.

359 897 549 996 Sepedicti
577 895 723 970 comitis
756 891 944 986 Balduini,
974 890 1155 964 Yolendis
1189 892 1390 968 comitisse

283 999 369 1095 filii,
401 999 531 1073 diebus
562 997 619 1068 vir
649 994 783 1068 nobilis
810 993 847 1066 in
875 991 1098 1088 Brabantia,
1132 990 1255 1068 fidelis
1288 995 1386 1089 eiua,

244 1137 247 1143 ·
283 1103 394 1197 llugo
414 1102 461 1172 de
478 1097 691 1195 Aenghien,
718 1117 881 1166 vavasor
906 1102 1055 1191 potens,
1081 1102 1189 1192 pater
1207 1093 1386 1168 Gossuini

286 1212 323 1275 et
336 1197 566 1297 Engelberti,
586 1196 720 1271 Soberi
736 1206 774 1269 et
787 1193 980 1289 bonifacii,
999 1193 1035 1266 in
1050 1193 1269 1291 Aengbien¹
1284 1195 1388 1292 villa,

288 1325 400 1400 quam
429 1324 451 1372 a
479 1296 616 1372 comite
643 1295 875 1370 llanoniensi
902 1297 1055 1367 tenebat
1079 1294 1190 1391 ligie,
1218 1307 1385 1370 castrum

286 1405 444 1496 fossato,
470 1421 577 1472 muro
598 1407 635 1470 et
653 1395 745 1469 turri
764 1393 986 1490 construxit,
1005 1397 1101 1491 quod
1121 1405 1252 1468 contra
1270 1395 1387 1470 fideli-

287 1512 404 1576 tatem
437 1523 545 1574 suam
578 1522 600 1572 a
632 1501 726 1571 duce
757 1492 982 1570 Lovaniensi
1013 1494 1050 1566 in
1083 1495 1193 1582 feodo
1227 1497 1386 1594 accepit

287 1604 393 1676 Unde
412 1624 480 1698 per
498 1599 622 1697 ipsum
642 1607 809 1670 castrum
828 1595 866 1666 in
884 1594 1046 1693 guerris,
1066 1620 1138 1692 que
1155 1620 1284 1670 comes
1301 1621 1387 1670 con-

288 1713 345 1776 tra
361 1705 496 1776 ducem
512 1697 653 1795 habuit,
673 1697 789 1770 multa
810 1706 1019 1770 evenerunt
1037 1705 1138 1770 terre
1158 1696 1305 1771 comitis
1324 1701 1388 1772 de·

288 1803 479 1894 trimenta,
501 1809 670 1877 attamen
690 1796 810 1896 ipsius
831 1796 978 1870 comitis
996 1796 1167 1870 Balduini
1185 1795 1284 1872 filius
1303 1799 1388 1872 Ral·
1439 1871 1442 1876 ,
1529 1817 1530 1822 ’

290 1904 438 1999 duinus,
465 1899 637 1974 Flandrie
665 1909 703 1972 et
727 1897 899 1970 Hanonie
926 1919 1056 1970 comes
1076 1907 1114 1970 et
1131 1899 1298 1972 marchio
1317 1900 1389 1974 Na·

289 2000 515 2096 murcensis,
534 2001 657 2098 ipsum
678 2009 843 2073 castrum
865 2006 997 2093 postea
1016 1999 1228 2095 prostravit.

366 2103 466 2198 Sepe
489 2099 672 2173 nominati
691 2098 838 2171 comitis
857 2097 1042 2194 Baldnini,
1068 2098 1246 2174 Yolendis
1275 2099 1390 2174 comi·
1527 2109 1532 2168 ζ

291 2202 383 2276 tisse
397 2201 474 2299 filii,
490 2201 622 2276 diebus
636 2199 776 2299 placuit
790 2198 1073 2297 quampluribus
1090 2200 1256 2299 regibus,
1269 2201 1389 2274 archi·

291 2302 479 2402 episcopis
499 2313 537 2375 et
556 2299 759 2400 episcopis,
789 2299 943 2373 ducibus
964 2309 1001 2371 et
1020 2301 1231 2397 comitibus,
1251 2312 1288 2375 et
1306 2302 1390 2376 aliis

291 2404 474 2478 nobilibus
512 2403 782 2498 cuiuscumque
827 2399 1069 2492 conditionis,
1114 2401 1203 2474 viris
1246 2403 1389 2498 multis,

292 2503 443 2600 signnm
472 2502 593 2574 crucis
609 2501 762 2576 Domini
789 2499 860 2573 sibi
884 2523 1096 2595 assumere,
1123 2512 1160 2574 et
1178 2502 1248 2577 iter
1265 2503 1391 2576 lhero·
1442 2509 1446 2515 ’

293 2603 549 2677 solimitauum
569 2601 736 2698 arripere
761 2601 807 2672 ad
832 2599 1055 2674 minuendas
1075 2602 1270 2698 gentilium
1290 2604 1391 2678 vires

293 2715 329 2778 et
358 2702 646 2776 christianorum
678 2700 778 2774 vires
806 2703 1012 2798 augendas.
1065 2703 1206 2782 Eodem
1239 2704 1390 2802 quidem

291 2817 463 2902 tempore
479 2814 516 2876 et
529 2802 566 2874 in
581 2804 713 2875 eodem
731 2801 907 2874 comitatu
924 2803 1118 2876 Conradus
1133 2803 1391 2879 Romanorum

292 2929 358 2978 rex
385 2929 470 2977 cum
494 2900 682 2976 Ludovico
704 2900 873 3000 predicto
891 2902 1120 2976 Francorum
1138 2928 1230 3002 rege
1250 2915 1394 2979 etcum

292 3004 420 3078 multis
445 3002 676 3104 principibus
701 3002 911 3076 Tbeutonie
940 3012 977 3075 et
1000 3002 1154 3078 Francie
1180 3005 1392 3080 Constanti·

292 3107 459 3205 nopolim
486 3116 524 3178 et
551 3103 753 3177 brachium
779 3102 906 3178 Sancti
926 3103 1079 3201 Georgii
1106 3106 1296 3202 transivit3
1323 3108 1391 3180 sed

293 3208 378 3306 quia
398 3231 535 3282 uxores
555 3231 644 3280 suas
665 3204 908 3304 quamplures
928 3228 1059 3278 secum
1078 3205 1279 3303 habebant,
1299 3207 1392 3280 etin

294 3332 425 3380 eorum
446 3307 624 3381 comitatu
645 3307 825 3403 cuiusque
846 3303 1066 3378 conditionis
1088 3306 1267 3384 mulieres
1291 3308 1394 3380 ince-

294 3410 443 3503 debant,
469 3407 553 3504 ipse
581 3430 656 3478 non
684 3429 777 3478 sano
802 3405 863 3476 vel
888 3404 985 3476 iusto
1012 3406 1139 3478 ordine
1159 3407 1392 3504 incedentes,

294 3506 408 3578 nichil
423 3506 673 3602 proiecerunt.
696 3504 738 3582 ln
751 3503 813 3576 illo
829 3515 954 3576 autem
971 3506 1147 3579 comitatu
1159 3507 1395 3602 Fredericus,

184 3606 529 3680 *rnat'Suevorum
548 3607 634 3701 dux,
653 3605 763 3678 miles
782 3603 943 3700 iuvenis,
972 3615 1058 3678 ante
1078 3608 1307 3682 Damascum
1327 3631 1396 3707 pre

294 3705 432 3782 ceteris
451 3706 489 3778 in
509 3706 624 3780 armis
643 3705 809 3780 valuisse
829 3705 970 3778 dicitur.

370 3807 471 3906 Sepe
499 3805 679 3879 nominati
708 3806 827 3879 eciam
856 3806 1004 3880 comitis
1032 3806 1183 3903 diebus,
1214 3809 1392 3880 defuncto

295 3911 466 3984 Conrado
481 3908 736 3981 Romanorum
754 3931 859 4004 rege,
878 3907 1066 4006 principes
1081 3908 1109 3980 Τ
1113 3909 1277 4004 eutonie,
1297 3908 1394 3982 sicut

295 4009 385 4084 iuris
415 4019 452 4082 et
479 4008 595 4082 moris
624 4018 703 4105 est,
731 4001 883 4080 invilla
911 4031 1024 4106 supra
1054 4008 1208 4105 Mogum
1235 4007 1394 4081 fluvium

296 4134 369 4207 que
387 4107 721 4182 Franchenevors²
740 4107 883 4206 dicitur,
910 4119 1167 4182 convenerunt
1186 4111 1233 4182 ad
1253 4109 1398 4206 eligen-

201 4230 204 4234 ’
296 4237 321 4309 ll
342 4233 476 4306 Eugbien,
498 4255 512 4290 a
532 4235 626 4294 Monte
645 4240 679 4291 ad
699 4246 826 4306 septentr.
901 4236 928 4309 2)
947 4235 1100 4292 Franblurt-⁸
