3002 4790
230 314 509 448 urnisrinnm
536 374 677 448 cunin
705 375 1049 450 nnuomsusis
1120 381 1196 458 tos

83 567 416 677 stantinopolitani
447 587 603 676 patruus
637 576 829 674 extiterat5
855 577 1044 676 predictus
1077 578 1191 652 etiam

83 678 335 776 Gillebertus‚
355 678 415 777 qui
436 678 562 752 multis
577 677 807 776 temporibus
828 679 1075 752 ecclesiarum
1089 681 1192 752 Mon·

87 781 259 870 tensium
283 779 539 878 preposituras
564 778 775 852 obtinuerat
798 790 836 852 et
856 805 876 853 a
896 780 1053 877 pueritia
1070 781 1206 856 suain'

84 881 198 954 curia
219 880 437 954 Hainoiensi
466 883 650 979 usquead
671 880 830 953 senilem
850 890 990 954 etatem
1010 884 1190 954 educatus

86 983 228 1079 fuerat7'
247 982 413 1079 predicta
435 981 641 1055 ministeria
661 981 757 1054 sicut
772 1005 816 1054 ea
832 982 1027 1054 audierant
1041 992 1079 1055 et
1092 981 1193 1054 vide·

16 1097 30 1193 ζ
86 1093 198 1179 rant
230 1093 371 1155 ettam
399 1107 420 1154 a
449 1083 629 1157 ministris
656 1082 866 1155 senioribus
894 1107 1008 1180 quam
1034 1086 1080 1157 ab
1108 1083 1190 1156 aliis

88 1184 183 1256 viris
211 1208 304 1256 sane
330 1183 516 1283 opinionis
546 1181 694 1283 plenius
721 1183 939 1287 didicerant,
966 1207 1038 1281 que
1058 1208 1193 1257 secun·

88 1284 155 1357 tur
173 1283 357 1358 conscribi
376 1285 558 1363 fecerunt
662 1331 663 1334 =

170 1385 397 1458 Sciendum
387 1385 512 1483 igitur,
526 1378 625 1483 quod
639 1384 812 1478 dominus
827 1387 873 1458 de
888 1383 1026 1460 Sancto
1037 1385 1191 1499 ¹(lberto,
1244 1479 1246 1484 λ

89 1473 156 1557 ill'e
189 1485 346 1558 scilicet
363 1488 425 1584 qui
454 1487 492 1559 in
524 1487 612 1558 villa
639 1486 766 1561 Sancti
791 1471 917 1560 Oberti
943 1485 1190 1560 munitionem

91 1586 210 1659 habet
233 1597 271 1659 et
294 1589 528 1660 advocatiam
537 1587 736 1684 dapifer,
765 1587 826 1685 qui
850 1586 1057 1684 vulgariter
1082 1611 1191 1660 sene·

91 1687 243 1760 scalcus
263 1687 408 1782 dicitur,
435 1711 608 1762 summus
637 1698 695 1761 est
722 1687 965 1760 senescalcus
990 1685 1104 1786 totius
1131 1711 1191 1760 co·

93 1788 248 1861 mitatus
263 1788 434 1886 Hainoie,
452 1799 532 1862 tam·
548 1789 586 1861 in
601 1787 856 1862 dominatione
871 1789 1057 1862 Montensi
1077 1812 1188 1886 quam
1274 1813 1277 1820 ·

91 1889 130 1961 in
150 1880 405 1963 dominatione
424 1887 699 1963 Valenoenensi
723 1899 760 1962 et
769 1889 815 2002 ip
835 1888 1149 1986 Ostrevanensi,
1153 1899 1191 1961 et

15 2019 16 2022 ¹
93 2001 154 2062 est
180 2001 292 2088 caput
319 1991 552 2065 senescalcie
580 2015 649 2064 sue
676 2015 802 2063 omnia
821 2015 894 2088 que
911 1990 1056 2064 habet
1048 2015 1089 2062 ιιι
1103 1979 1191 2062 villa

90 2091 220 2164 Sancti
240 2093 402 2166 Auberti
449 2094 589 2166 Habet
598 2091 711 2165 etiam
738 2095 782 2164 de
803 2095 936 2164 eadem
955 2090 1190 2164 senescalcia

94 2193 200 2290 plura
221 2192 295 2263 alia
312 2197 409 2265 bona
437 2196 481 2265 ad
507 2217 644 2266 manus
664 2215 753 2265 suas
782 2201 820 2265 et
838 2216 911 2290 que
930 2196 976 2265 ab
996 2215 1051 2263 eo
1059 2201 1190 2264 tenen-

15 2303 16 2306 ’
93 2293 208 2365 turin
228 2293 337 2365 feodo
357 2297 402 2367 ad
423 2297 581 2366 eandem
602 2291 876 2366 senescalciam
895 2292 1130 2390 pertinentia.

167 2393 350 2467 Dominus
365 2394 615 2469 Rerlemontis
632 2417 805 2482 summus
824 2404 883 2466 est
901 2393 1131 2466 camerarius
1151 2392 1187 2465 in
1213 2415 1229 2466 ι

92 2504 169 2567 toto
185 2495 363 2568 comitatu
379 2497 549 2590 Hainoie,
568 2507 646 2568 tam
668 2497 705 2568 in
728 2494 981 2570 dominatione
1001 2493 1187 2568 Montensi

92 2621 205 2694 quam
234 2597 269 2667 in
297 2599 552 2671 dominatione
575 2596 850 2670 Valenoenensi
880 2606 917 2669 et
949 2596 987 2668 in
1010 2596 1188 2692 Ostreva·

94 2720 212 2768 nensr.
266 2735 270 2741 ·

168 2797 350 2870 Dominus
367 2799 412 2868 de
426 2795 583 2869 Alneto¹
605 2819 775 2870 summus
791 2807 850 2869 est
863 2796 1043 2895 pincerna
1058 2797 1095 2869 in
1109 2805 1185 2870 toto

15 2917 17 2998 J
94 2897 271 2969 comitatu
282 2897 452 2994 Hammo,
465 2909 544 2970 tam
557 2897 594 2969 in
609 2898 862 2971 dominatione
874 2899 1060 2970 Montensi
1074 2921 1187 2996 quam

15 3017 17 3050 2
95 2999 131 3070 in
150 2999 400 3071 dominatione
419 2994 693 3071 Valenoenensi
714 3008 751 3068 et
768 2998 804 3068 in
825 2997 1108 3070 Ostrevanensi.

15 3197 16 3200 Ἴ
167 3117 378 3189 Haiduinus
400 3117 543 3189 villicus
558 3116 765 3188 Montensis
781 3114 924 3213 dapifer
943 3125 1003 3188 est
1021 3116 1187 3188 domina-

15 3221 17 3312 ζ
95 3217 204 3291 tionis
241 3218 448 3292 Montensis
484 3242 553 3317 per
587 3221 769 3290 deversus
805 3217 952 3288 Montes
988 3240 1109 3314 usque
1140 3221 1187 3290 ad

15 3317 16 3328 ’
94 3345 228 3417 aquam
247 3323 293 3392 de
314 3321 546 3442 Morcinpont
564 3343 738 3391 summus
759 3327 843 3415 post
862 3317 966 3388 illum
986 3321 1031 3390 de
1046 3315 1198 3391 Sancto

15 3441 21 3508 ζ
96 3422 243 3494 (lberto.

15 3533 16 3588 Ῑ
166 3520 310 3594 lwanus
344 3524 389 3594 de
419 3521 618 3594 Frameriis
658 3531 808 3636 emptor
840 3528 898 3592 est
933 3543 1107 3592 escarum
1139 3524 1185 3594 ad
1313 3561 1316 3570 ·

15 3705 17 3710 ,
95 3624 290 3737 coquinam
309 3623 597 3736 pertinentium·
600 3631 638 3694 et
656 3621 822 3720 ipsarum
843 3629 971 3692 custos
997 3645 1186 3714 escarum,

74 3733 131 3813 et
154 3723 352 3824 participat
377 3749 461 3796 cum
491 3723 619 3821 coquis
648 3723 684 3793 in
712 3722 793 3793 inre
821 3719 979 3818 coquine
1007 3724 1089 3795 ad
1080 3747 1184 3820 ipsos

15 3841 17 3920 ς
95 3825 314 3922 pertinente,
343 3835 379 3898 et
398 3849 483 3897 cum
504 3848 547 3897 eo
567 3824 755 3897 Gonterus
775 3834 929 3920 Ooquus.

15 3923 18 3954 l

15 3955 17 4022 3'
97 4027 116 4097 b
140 3926 304 4098 ldCofirpri
300 3938 388 4000 sunt
405 3937 577 4040 piwetetea
594 3925 790 3999 Geraudus
812 3933 850 3997 et
863 3924 1047 3998 llobertus
1064 3908 1185 3998 Theo-

15 4075 17 4096 ι
120 4049 186 4096 ar
246 4053 313 4102 rus.

15 4241 18 4328 p
97 4232 120 4306 l)
138 4233 256 4308 lannoy.
429 4319 436 4332 ⁸
