3118 4786
300 387 390 466 2108
553 401 556 408 ·
626 399 647 408 ”
724 377 1005 462 uffituuutttt

227 595 451 666 rimentur
471 594 511 658 et
536 583 610 663 aliu
628 583 754 664 multo
780 581 1231 666 mobilia-abstraxerunt.
1273 578 1442 661 Deinde

317 682 721 766 comesflauouicnsis
737 707 835 760 cum
863 681 1049 766 auunculo
1076 701 1147 766 suo
1172 680 1441 780 vittam‚·.que

316 789 427 866 Mons
445 785 568 866 suncti
583 785 764 864 Witrcrti¹
789 782 934 881 dicitur,
962 794 1000 858 et
1024 782 1133 858 viltas
1152 782 1246 856 alias
1267 781 1440 879 multas,

318 889 469 964 vidente
495 886 621 966 ocium
644 889 766 978 duce,
797 885 1009 966 srrcceudit·
1050 883 1265 970 Destructio
1290 893 1438 958 autern

317 989 417 1067 itta
407 1013 445 1068 ιιι
470 987 693 1068 Gemttlodio
722 988 831 1070 iacta
846 989 981 1066 ducem
1010 996 1048 1059 et
1074 995 1214 1068 terrum
1242 1008 1355 1060 suam
1382 1008 1437 1070 ex

317 1090 493 1205 dampnis
526 1089 633 1166 factis
665 1099 704 1163 ut
734 1086 929 1170 hominurn
960 1086 1150 1160 occisione
1180 1096 1219 1160 ct
1246 1085 1438 1199 captione

318 1193 485 1290 graviter·
500 1188 644 1270 afflixit.
675 1190 808 1272 Patet
798 1200 933 1286 itaquo
943 1212 1030 1262 cum
1050 1187 1132 1262 aliis
1147 1186 1321 1284 dampnis
1336 1209 1437 1301 pre·

314 1217 437 1370 uicis
454 1291 490 1365 id
518 1284 660 1373 malurn
688 1313 709 1370 u
736 1291 950 1364 Lembeotra
977 1288 1215 1386 processisse
1239 1291 1286 1362 ad
1310 1287 1436 1360 detri-

319 1388 490 1470 mentum
511 1391 617 1472 ducis
634 1391 892 1465 Lovauieusis.
925 1390 987 1472 Sic
1006 1401 1150 1468 autem
1147 1412 1283 1464 comes
1298 1389 1434 1464 Hono·

317 1493 464 1572 niensis
492 1496 558 1570 Δι
566 1493 738 1568 hostibus
767 1491 846 1570 suis
869 1515 986 1590 paruo
1015 1492 1051 1564 in
1070 1502 1243 1604 tempore
1260 1513 1431 1586 gravem

208 1601 238 1656 'f
253 1600 308 1660 55‘·
319 1593 497 1693 'sumpsit
523 1594 745 1688 vindictam
772 1591 922 1674 scilicet
940 1595 987 1666 de
1006 1592 1143 1666 comite
1161 1591 1334 1664 Fiandri'e
1353 1615 1429 1689 pro

318 1706 509 1775 tantorum
530 1705 739 1768 castrorum
766 1693 981 1793 supradicta
1011 1692 1220 1780 redditione
1246 1695 1347 1772 etde
1360 1693 1431 1766 lo·

320 1801 413 1874 cobo
433 1800 479 1874 do
497 1789 681 1870 Avethnis
699 1818 768 1894 per
784 1807 886 1870 terre
905 1819 975 1871 sue
995 1818 1175 1892 nragnam
1194 1793 1429 1867 combustio·

319 1923 410 1974 nem
441 1909 480 1972 et
506 1897 814 1996 depredationem
840 1909 877 1968 et
903 1900 950 1970 de
975 1900 1069 1970 duce
1094 1895 1321 1968 Lovaniensi
1352 1917 1430 1992 per

320 1998 618 2076 destructionem
636 1997 962 2078 Gemblaueuscm.

380 2101 535 2179 LEodem
558 2109 750 2196 tempore,
778 2099 1027 2196 postfuturum
1053 2121 1188 2194 pacem
1215 2121 1301 2170 cum
1327 2117 1424 2193 rege

318 2201 565 2296 Francorum
592 2199 785 2314 Philippus
815 2223 947 2279 comes
969 2199 1140 2271 Flandric
1159 2200 1205 2272 ad
1224 2197 1424 2272 dominum

319 2325 431 2378 suum
451 2313 487 2381 ot
507 2303 834 2400 consanguineum
851 2299 1056 2374 Hernicum
1077 2300 1332 2372 Romanorum
1359 2321 1422 2370 rc·

318 2427 430 2499 gem,
456 2403 643 2476 Frweoeriei
669 2400 910 2499 imperatoris
936 2401 1113 2494 filium,
1103 2425 1140 2472 ru
1169 2399 1421 2475 Theutoniam

319 2503 505 2599 transivit
533 2513 570 2574 ct
597 2503 643 2574 Δι
671 2502 825 2574 domino
851 2525 943 2598 rego
968 2502 1197 2574 Francorum
1226 2503 1332 2574 etde
1358 2523 1423 2572 co-

319 2603 412 2676 mite
438 2600 673 2677 Hanonieusi
695 2625 851 2699 gravem
873 2603 960 2676 iecit
976 2601 1262 2716 querimoniam.
1311 2601 1422 2674 Mira·

317 2708 427 2780 betur
457 2715 601 2779 autom
596 2725 679 2778 rex
705 2703 890 2776 Heuricns
918 2703 1050 2802 quod
1040 2728 1123 2802 rpse
1151 2727 1280 2778 comes
1307 2726 1420 2775 suum

317 2805 510 2900 auxilium,
537 2804 663 2900 quod
653 2805 724 2902 rpsi
744 2805 870 2878 comiti
890 2815 1020 2878 contra
1038 2828 1170 2918 regern
1188 2805 1419 2878 Francorum

318 2906 455 2994 fuerat
453 2917 645 3004 paratum,
673 2929 764 2978 non
772 2917 1025 3005 expectasset,
1054 2929 1140 2978 cum
1159 2905 1241 3003 ipse
1260 2929 1326 2978 ιιι
1345 2905 1420 2979 Ro·

323 3031 521 3086 manorum
542 3005 774 3082 auxilium
741 3031 775 3081 er
795 3009 894 3080 serre
911 3006 1176 3106 proposuisset
1194 3031 1262 3105 per
1283 3016 1424 3078 utram-

320 3133 393 3223 que
411 3109 707 3206 Lotum-ingiam,
726 3109 870 3184 scilicet
894 3134 963 3207 per
980 3108 1218 3182 Brabantiam
1241 3118 1278 3180 et
1296 3096 1421 3180 Hauo-

317 3210 420 3284 nium
439 3222 477 3286 et
495 3235 564 3309 per
582 3212 792 3286 Metensem
813 3212 1041 3308 regionem
1055 3220 1222 3282 attamen
1249 3209 1330 3306 ipse
1349 3231 1418 3295 rex
1498 3255 1501 3264 -

316 3311 503 3384 chricus
539 3312 675 3384 iterum
712 3313 745 3384 ei
783 3312 962 3384 auxilium
998 3311 1179 3406 promisit.
1233 3309 1418 3383 Dominus

314 3422 445 3486 autem
465 3436 530 3484 rex
548 3408 777 3486 Francorum
796 3413 908 3509 paulo
924 3421 1011 3508 post
1024 3411 1201 3484 comitem
1215 3411 1419 3498 Fiandreue

315 3534 399 3585 sem
426 3511 614 3605 convenit,
642 3521 683 3583 ut
700 3511 769 3586 sibi
791 3523 956 3586 castrum
977 3515 1073 3608 quod
1094 3511 1334 3588 edificaverat
1351 3535 1416 3584 no·

314 3635 427 3708 ιιιιιι,
460 3612 646 3686 Belcasne
676 3612 840 3710 scilieet,
874 3637 918 3686 ιιι
946 3614 1112 3711 predicta
1142 3613 1416 3711 compositione

313 3711 472 3789 liberum
493 3713 709 3811 dimitteret,
729 3714 858 3796 dicens
877 3714 966 3788 illud
984 3717 1030 3788 ad
1046 3713 1252 3789 dominium
1267 3714 1416 3789 Ambia-

314 3837 436 3894 nense
456 3815 659 3914 pertinere,
687 3817 818 3889 comes
841 3827 968 3893 autem
986 3815 1159 3889 Flaudrie
1177 3815 1267 3889 illud
1286 3819 1332 3890 Δι
1350 3818 1415 3888 do-

313 3916 428 3994 minio
443 3917 697 3998 Attrebatensi
714 3941 802 3998 esse
818 3918 974 3998 dicebat.
1006 3919 1136 4015 ltaque
1156 3916 1330 3991 dominns
1349 3941 1415 4002 rex

311 4018 541 4098 Francorum
570 4018 701 4098 comiti
721 4019 891 4093 Flandrie
916 4020 1002 4092 indo
1021 4018 1119 4095 diem
1140 4018 1333 4095 constituit
1349 4017 1416 4104 alif

312 4123 461 4217 quondo
476 4119 710 4219 Compendii,
730 4120 929 4219 aliquando
948 4119 1133 4216 Parisius5
1154 4123 1197 4192 ad
1219 4144 1313 4218 quas
1333 4119 1414 4208 dies

313 4245 337 4319 1)
358 4231 437 4302 Mont
454 4246 493 4301 St.
515 4245 644 4313 Guibert,
665 4267 680 4302 ι
702 4247 801 4310 Warre
820 4252 853 4303 od
874 4247 1028 4313 meridiem,
1048 4247 1075 4302 in
1096 4245 1241 4306 Brahuntiu
1262 4233 1410 4320 provincio}
1437 4261 1440 4269 '
