3066 4788
382 430 659 506 CHRONlCON
686 431 1000 506 HANONIENSE.
1097 439 1098 442 ’
1193 435 1241 508 99

142 633 243 706 curia
273 632 413 706 domini
441 631 588 706 comitis
614 631 840 706 hereditaria
860 632 1002 706 habent
1021 631 1156 705 officia.
1200 631 1241 704 ln

140 733 365 808 valencenis
381 743 506 806 autem
523 731 762 834 excipiuntur
771 733 856 806 inde
868 737 1003 806 domus
1019 732 1243 806 clericorum
1359 795 1363 804 ,

143 843 181 906 et
195 832 354 907 militum
375 843 413 907 et
426 833 672 907 servientium
692 832 839 906 comitis
859 833 1186 928 bereditariorum⁷
1207 843 1244 906 et

142 959 322 1008 mansure
348 935 385 1007 in
409 935 492 1008 loco
513 935 574 1032 qui
593 933 798 1007 Castellum
825 933 968 1009 dicitur.
1008 933 1095 1032 lpse
1121 933 1242 1008 eciam

144 1059 273 1108 comes
293 1038 427 1108 eadem
448 1039 620 1110 detentus
639 1033 870 1130 infirmitate,
897 1038 1058 1133 quedam
1081 1033 1243 1131 winagia

143 1139 240 1234 apud
261 1135 517 1234 Morcinpont¹
545 1145 582 1208 et
608 1137 708 1232 apud
725 1133 883 1207 Denen²
909 1159 1065 1232 prorsus
1085 1132 1242 1208 remisit.

140 1237 228 1333 lpse
247 1261 395 1335 quoque
414 1237 498 1335 ipsa
517 1235 630 1308 nimis
649 1245 881 1332 aggravatus
901 1233 1118 1308 infirmitate
1143 1257 1243 1308 ase·

142 1337 225 1409 culo
254 1337 503 1434 migravit-
529 1337 634 1409 cuius
663 1359 797 1432 corpus
824 1336 861 1408 in
881 1337 1111 1410 monasterio
1130 1340 1243 1410 beate

141 1438 393 1511 Waldetrudis
409 1449 496 1512 ante
507 1437 629 1511 maius
640 1437 758 1510 altare
769 1438 960 1534 sepultum
973 1447 1032 1512 est
1042 1437 1079 1509 in
1090 1437 1243 1535 planctu

142 1548 180 1610 et
206 1538 322 1610 nimia
354 1538 549 1611 bominum
574 1537 844 1612 lamentatione
873 1579 918 1592 -
946 1537 1109 1637 septima
1134 1537 1193 1612 die
1221 1560 1240 1607 a

138 1638 238 1711 festo
257 1637 427 1710 omnium
447 1637 700 1732 sanctorum³2
720 1663 817 1712 anno
838 1639 986 1711 Domini
1009 1643 1117 1712 1171.
1253 1634 1353 1717 Μ·

218 1737 440 1832 balduinus,
469 1737 651 1836 sepedicti
680 1738 826 1810 comitis
852 1733 975 1834 illiue,
1000 1739 1038 1810 in
1063 1737 1246 1810 comitatu

140 1838 375 1912 Hanuniensi
408 1862 493 1911 cum
525 1838 766 1935 Marghareta
799 1862 914 1912 uxore
947 1861 1016 1912 sua
1045 1837 1261 1912 successit..

141 1937 334 2026 Quasdam
355 1950 482 2013 autem
502 1961 661 2036 guerras
682 1948 719 2010 et
737 1937 957 2020 inimicicias
974 1938 1277 2035 mortalesque·

139 2062 211 2136 per
236 2040 375 2114 multos
403 2063 522 2114 annos
542 2039 641 2112 inter
658 2038 759 2112 viros
779 2048 954 2136 potentes
974 2038 1072 2136 illos,
1099 2038 1244 2112 scilicet

142 2140 188 2210 de
218 2139 323 2212 Tbrit
349 2150 386 2212 et
410 2140 494 2213 illos
523 2141 568 2212 de
594 2138 750 2234 Aunoit,
779 2142 1026 2236 duraverant,
1052 2139 1137 2238 ipse
1160 2139 1244 2212 ssal-

142 2237 278 2311 doinus
298 2263 420 2312 novus
441 2263 569 2310 comes
596 2240 641 2310 de
662 2238 816 2310 consilio
837 2238 1017 2312 nobilium
1038 2251 1076 2314 et
1093 2239 1244 2337 sapien-

140 2349 220 2412 tum
242 2363 411 2435 suorum7
438 2338 510 2411 illis
530 2338 618 2410 licet
634 2337 773 2434 invitis,
802 2338 1052 2412 concordavit.
1096 2339 1153 2412 Ad
1171 2339 1243 2412 bec

140 2440 225 2538 ipse
252 2439 458 2512 balduinus
478 2462 608 2512 comes
627 2463 749 2512 novus
769 2440 814 2514 de
835 2439 1026 2512 communi
1045 2439 1242 2511 bominum

141 2563 297 2613 suorum
324 2563 514 2613 consenso
541 2549 580 2612 et
611 2539 767 2611 consilio
794 2541 983 2636 quandam
1008 2539 1045 2611 in
1070 2538 1244 2613 Hanania

139 2665 276 2739 pacem
303 2639 488 2715 ordinavit
514 2650 553 2714 et
579 2663 663 2713 eam
684 2643 886 2714 tenendam
905 2651 984 2714 tam
1003 2665 1073 2714 suo
1092 2641 1243 2739 proprio

142 2766 253 2838 quarn
283 2741 479 2815 hominum
499 2765 654 2815 suorum
672 2741 859 2814 maiorum
877 2740 1090 2814 iuramento
1110 2740 1243 2814 confir·

139 2841 268 2916 mavit.
326 2842 365 2915 ln
399 2867 472 2940 qua
504 2842 654 2940 quidem
687 2865 781 2940 pace
815 2851 1040 2938 expressum
1073 2841 1143 2914 fuit
1174 2865 1241 2940 pro

139 2942 294 3014 homine
320 2942 517 3016 interfecto
543 2941 739 3014 bominem
763 2945 902 3014 debere
925 2939 1098 3038 interfici,
1123 2942 1242 3016 homi·

141 3042 263 3115 eidam
290 3041 451 3136 scilicet3
479 3065 546 3138 pro
571 3037 741 3113 membro
768 3064 859 3112 vero
886 3043 1008 3115 ablato
1029 3045 1242 3116 membrum

140 3145 187 3214 ab
208 3142 374 3215 ablatore
393 3144 531 3214 debere
550 3139 638 3210 tolli.
687 3141 767 3212 llec
786 3150 914 3210 autern
934 3141 1061 3214 omnia
1079 3165 1154 3213 non
1174 3165 1243 3238 per

137 3243 280 3338 legem,
308 3243 375 3314 sed
401 3264 470 3339 per
495 3237 694 3312 veritatem
718 3240 911 3314 tractanda
941 3249 1037 3312 sunt.
1091 3239 1131 3314 si
1158 3241 1242 3337 quis

1 3427 2 3432 η
139 3354 266 3416 autem
287 3340 479 3440 superbis
499 3337 695 3412 maleficiis
715 3363 757 3414 se
777 3340 1045 3435 absentaverit,
1065 3350 1103 3412 et
1116 3339 1242 3413 virtuti

10 3516 12 3544 p
49 3462 52 3468 ·
136 3442 244 3542 pacis
264 3443 433 3516 ordinate
453 3465 496 3515 se
516 3439 753 3514 committere
771 3441 947 3536 noluerit,
973 3439 1148 3515 maleficii
1172 3440 1241 3515 sibi

137 3543 313 3642 imputati
337 3566 425 3616 reus
451 3541 669 3616 iudicandus
699 3551 770 3636 est,
798 3551 835 3614 et
855 3541 1009 3615 ulterius
1028 3541 1239 3616 misericor*

139 3644 238 3719 diam
254 3643 435 3740 consequi
450 3667 526 3714 non
540 3652 679 3740 potest,
693 3642 765 3716 nisi
779 3645 825 3716 de
841 3643 1033 3716 communi
1049 3667 1240 3716 consensu

14 3825 19 3838 ,
138 3744 278 3818 domini
306 3742 452 3816 comitis
480 3753 517 3816 et
537 3742 794 3840 proximorum
814 3743 914 3816 illius
933 3743 970 3816 in
991 3768 1106 3840 quem
1124 3743 1241 3816 male-

16 3883 18 3892 ·
136 3843 263 3918 ficium
298 3853 558 3943 perpetratum
597 3853 666 3916 est.
719 3843 756 3917 Si
791 3854 917 3917 autem
942 3844 1077 3918 nobilis
1105 3842 1240 3942 aliquis

137 3981 163 4051 1)
179 3979 345 4051 Morsepont,
363 3997 377 4034 a
390 3977 591 4034 Valenoiennes
607 3979 677 4033 inter
693 3979 888 4050 septentriones
901 3989 929 4034 et
942 3980 1082 4034 orientem.
1138 3977 1166 4048 2)
1180 3977 1242 4034 De·

136 4053 208 4121 nain,
229 4071 243 4106 1
263 4051 462 4107 Valenciennes
481 4052 553 4107 inter
572 4051 716 4106 meridiem
736 4061 764 4108 et
783 4052 871 4106 occid.
928 4053 954 4126 3)
975 4051 1011 4108 V.
1032 4069 1140 4125 quoque
1160 4049 1240 4106 Cant.

134 4125 290 4198 Aquicinot.
311 4127 329 4180 l.
349 4144 372 4180 c.
392 4144 419 4197 p.
439 4125 503 4180 413.
541 4124 715 4197 Epitaphium
739 4143 765 4179 r.
792 4127 863 4197 apud
888 4123 1024 4181 Miraeum
1051 4125 1071 4192 l,
1095 4125 1241 4194 291111

18 4244 21 4258 ,
135 4198 162 4253 8.
190 4199 281 4254 Nonas
306 4200 462 4254 Nouembris
486 4199 560 4254 obiit.
596 4195 694 4254 Verrio
715 4195 821 4252 Gallica
848 4201 920 4270 apud
940 4198 1088 4263 Videbunt,
1114 4198 1186 4254 Anu.
1207 4201 1241 4253 de

134 4269 324 4327 HaiuautVl.
344 4290 369 4344 p.
389 4271 559 4326 anthabet:
579 4271 823 4328 106.Nooembre.
897 4275 921 4318 ⁸
1330 4275 1336 4288 ²

930 4343 982 4419 7*
