3118 4786
317 426 387 498 118
724 419 1001 494 Gtstttssettrt

224 643 412 718 memus,
431 621 494 719 qui
513 622 549 694 in
569 619 782 719 gestamine
801 619 914 718 gladii
933 619 1072 718 regalis
1092 619 1150 692 ins
1171 619 1416 717 reclamabat,

315 748 400 796 cum
416 723 531 796 armis
548 733 584 796 et
600 721 778 796 militibus
799 722 924 794 multis
945 720 1057 794 venit.
1101 720 1157 792 Ad
1176 720 1281 792 cuius
1302 721 1417 793 comi·

313 823 363 898 tis
390 847 525 922 preces
559 847 687 896 comes
721 822 996 918 Hanoniensis⁷
1036 821 1097 920 qui
1128 821 1166 892 in
1199 821 1300 893 nullo
1332 821 1416 919 regi

313 925 542 998 Francorum
571 923 757 1020 obligatus
786 933 882 1020 erat,
916 921 1002 1020 quia
1029 945 1100 994 nec
1132 921 1299 994 hominio
1326 945 1417 1019 quo-

315 1049 462 1122 cunque
489 1048 559 1096 nec
579 1024 884 1097 confederatione
913 1023 1037 1121 aliqua
1069 1022 1130 1095 vel
1160 1021 1415 1095 familiaritate

316 1125 438 1199 eidem
461 1125 542 1222 regi
567 1129 778 1219 tenebatur!
802 1149 888 1196 cum
908 1127 958 1199 80
979 1123 1154 1196 militibus
1175 1133 1216 1196 et
1232 1123 1347 1196 ermis
1367 1127 1415 1196 ad

314 1227 402 1298 illud
423 1235 733 1298 coronamentum
755 1227 789 1298 in
810 1224 971 1324 propriis
992 1223 1169 1322 expensis
1190 1224 1302 1297 venit.
1338 1222 1416 1297 Sic·

315 1351 387 1424 que
401 1326 593 1424 Philippus
610 1349 694 1398 cum
716 1349 867 1397 summa
883 1325 1125 1397 veneratione
1146 1335 1184 1397 et
1201 1324 1416 1397 reverentia

315 1426 491 1500 inunctus
512 1437 550 1499 et
567 1425 603 1496 in
624 1449 755 1524 regem
776 1436 990 1499 coronatus.
1005 1426 1082 1500 fuit.
1132 1424 1259 1522 lbique
1284 1449 1414 1498 comes

314 1527 486 1600 Flandrie
512 1527 677 1623 gladium
705 1527 874 1624 regalem
900 1528 1075 1625 gestavit.
1122 1526 1226 1598 lllinc
1245 1549 1334 1598 vero
1355 1548 1420 1598 co-

316 1652 398 1700 mes
425 1627 680 1700 Hanoniensis
709 1629 753 1698 ad
782 1637 1062 1700 tornamentum
1095 1625 1193 1699 inter
1218 1627 1350 1699 Retest
1376 1635 1416 1698 et

316 1727 546 1804 Castellum1
566 1727 680 1825 venit,
701 1727 759 1801 ubi
779 1728 983 1800 Henricum
1005 1728 1180 1800 comitem
1195 1730 1241 1799 de
1257 1726 1330 1798 Bar
1348 1726 1416 1797 mi·

314 1829 419 1902 litem
437 1828 719 1927 probissimum7
739 1829 897 1927 Philippi
914 1828 1001 1900 novi
1016 1829 1118 1924 regis
1134 1826 1421 1921 consobrinum,

317 1930 425 2028 copia
445 1935 646 2026 proborum
667 1929 827 2002 militum
846 1930 1038 2027 stipatum,
1063 1928 1161 2026 cepit
1181 1939 1217 2000 et
1235 1928 1418 2000 Valencea

317 2054 385 2103 nas
405 2032 606 2102 deductum
627 2053 712 2102 eum
732 2031 889 2102 liberum
908 2028 1057 2102 dimisit.

392 2131 533 2202 Eodem
550 2154 647 2202 anno
665 2154 749 2201 cum
766 2129 980 2228 sepedictus
992 2127 1253 2202 Laudunensis
1270 2127 1416 2226 episeo-

316 2254 386 2328 pus
415 2231 588 2303 dominus
615 2231 804 2328 Rogerus7
834 2230 979 2304 comitis
1004 2229 1257 2302 Hanoniensis
1283 2251 1415 2300 conso-

316 2330 458 2429 brinus,
485 2332 672 2405 Ludovico
693 2333 774 2430 regi
792 2332 1021 2404 Francorum
1044 2331 1202 2426 invisus⁷
1229 2333 1326 2426 apud
1355 2331 1417 2400 do-

318 2431 460 2503 minum
472 2433 874 2528 papamAlexandrum
890 2455 1005 2530 super
1017 2431 1205 2503 occisione
1218 2431 1417 2532 hominum

316 2531 624 2604 Laudunensium
640 2531 774 2603 fuisset
786 2542 1000 2626 accusante,
1015 2532 1187 2628 purgatio
1203 2531 1416 2603 innocentie

320 2630 401 2704 eius
435 2629 656 2728 quibusdam
685 2629 864 2704 iudicibus
892 2632 1075 2728 delegatis
1102 2635 1139 2704 in
1165 2633 1318 2704 Francia
1349 2631 1417 2703 fuit

320 2733 542 2828 commissa³
570 2741 611 2804 ut
638 2730 669 2804 si
698 2732 899 2830 episcopus
927 2736 1009 2831 ipse
1029 2733 1290 2805 Laudunensis
1319 2731 1416 2803 iura·

318 2844 447 2906 mento
469 2857 536 2904 suo
558 2843 595 2904 et
612 2833 723 2904 trium
745 2832 1007 2932 episcoporum
1035 2838 1195 2929 probare
1219 2857 1261 2906 se
1285 2843 1417 2930 posset

318 2932 493 3006 manibus
522 2932 681 3030 propriis
710 2933 852 3005 nullum
880 2935 1117 3007 interfecisse
1150 2934 1342 3007 hominem
1379 2942 1419 3004 et

320 3035 416 3131 quod
437 3033 473 3105 in
492 3033 701 3132 perditione
720 3034 782 3106 illa
801 3035 995 3108 hominnm
1019 3036 1158 3108 factum
1178 3036 1318 3129 luerat⁷
1345 3035 1416 3105 hoc

318 3158 387 3234 pro
411 3135 583 3208 libertate
612 3135 774 3208 ecclesie
794 3136 934 3209 lactum
962 3147 1063 3230 erat,
1092 3136 1185 3209 liber
1205 3147 1242 3208 et
1260 3159 1415 3233 prorsus

208 3252 239 3307 ‘t
256 3235 468 3334 36¹.quietus
490 3245 661 3310 maneret
679 3235 940 3309 Laudunensis
961 3236 1175 3334 episcopus,
1218 3236 1333 3310 ‘Cum
1354 3260 1417 3306 au-

318 3347 397 3410 tem
418 3338 489 3409 hec
508 3337 633 3408 omnia
661 3360 729 3434 per
753 3337 914 3430 gratiam
933 3337 1109 3408 Ludovici
1138 3337 1239 3434 regis
1259 3337 1418 3408 franco-

319 3460 403 3508 rum
429 3436 556 3508 sanius
578 3445 615 3508 et
633 3433 825 3533 pacificius
846 3446 1038 3533 oporteret
1055 3437 1147 3533 lieri7
1176 3449 1213 3510 et
1231 3437 1316 3510 inde
1336 3435 1416 3509 dies

321 3534 556 3633 purgationis
585 3533 742 3608 Metuis²
771 3534 920 3608 civitate
953 3547 1057 3610 esset
1089 3538 1290 3611 constituta
1322 3535 1418 3608 infra

321 3646 494 3708 octavam
511 3635 645 3708 natalis
661 3634 823 3732 Domini7
842 3637 922 3734 ipse
937 3637 1198 3712 Laudunensis
1216 3638 1417 3736 episcopus

321 3735 463 3812 domini
486 3735 632 3810 comitis
657 3735 909 3810 Hanoniensis
933 3740 1108 3812 arrxilium
1130 3738 1350 3837 postulavit,
1379 3749 1420 3808 ut

320 3862 390 3935 per
420 3837 501 3911 eius
533 3836 847 3912 intercessionem
880 3840 1017 3913 domini
1049 3842 1151 3938 regis
1175 3841 1425 3931 Francorum.

319 3939 408 4012 licet
436 3962 564 4012 comes
589 3938 842 4014 Hanoniensis
871 3941 951 4014 eius
978 3967 1053 4014 non
1081 3951 1185 4015 esset
1209 3939 1329 4013 fidelis
1358 3939 1420 4010 vel

320 4039 530 4135 familiaris7
556 4040 716 4137 gratiam
742 4053 952 4115 mereretur
970 4043 1149 4116 obtinere.
1198 4041 1336 4114 Comes
1357 4065 1419 4112 au-

319 4151 398 4214 tem
415 4165 500 4214 cum
514 4142 597 4238 ipso
613 4141 805 4215 dominum
822 4167 952 4241 regem
970 4143 1067 4216 adiit.
1104 4143 1225 4230 Quem
1243 4142 1418 4214 dominus

322 4265 347 4338 l)
368 4265 463 4320 lldtlrel
484 4278 511 4322 et
531 4265 664 4324 Chltillon
685 4288 731 4324 sur
750 4269 853 4324 Meroe
929 4270 955 4342 2)
977 4268 1082 4324 Meaux.
