3118 4786
336 387 407 512 too
743 433 1021 508 Gtsbussutttt

219 651 259 704 *t
273 636 530 710 nstrusncum
550 633 780 708 interfecerit
799 635 976 732 aliquem,
995 644 1059 708 aut
1079 638 1290 707 membrum
1306 635 1437 708 abstu-

330 737 427 831 lerit⁷
446 735 620 809 dominus
641 757 770 808 comes
790 735 827 806 in
843 737 918 808 vita
932 736 993 808 vel
1008 735 1044 807 in
1060 734 1238 808 membris
1255 735 1288 807 ei
1305 745 1437 833 potest

330 838 546 934 indulgere3
575 838 642 908 sed
661 846 790 908 tamen
809 836 948 908 domini
968 835 1115 909 comitis
1135 858 1270 933 pacem
1289 835 1434 910 habere

332 963 405 1010 non
430 947 573 1036 potest,
602 936 672 1010 nisi
697 939 742 1011 de
770 959 960 1010 consensu
988 935 1244 1034 proximorum
1270 936 1367 1008 illius
1394 936 1433 1008 iu

331 1063 444 1138 quem
463 1034 688 1110 maleficium
710 1047 966 1135 perpetratum
984 1047 1052 1110 est.
1083 1036 1273 1133 Fugitivos
1289 1047 1432 1131 autem,

330 1141 393 1235 qui
420 1141 465 1211 ad
495 1137 767 1211 institutionem
793 1137 898 1234 pacis
919 1137 1049 1210 venire
1068 1148 1106 1209 et
1123 1161 1193 1234 per
1211 1160 1295 1208 eam
1316 1161 1432 1234 agere

331 1238 519 1312 noluerint
547 1263 591 1310 ex
617 1238 902 1336 presumptione
923 1239 982 1309 vel
1000 1238 1150 1333 timore,
1179 1237 1327 1310 illorum
1346 1261 1432 1335 pro·

331 1340 419 1412 ximi
449 1341 494 1412 de
520 1338 848 1434 consanguinitate
878 1338 962 1410 illos
993 1339 1164 1411 abiurare
1202 1339 1357 1432 debent,
1393 1347 1432 1409 et

330 1441 385 1514 sic
409 1440 445 1510 in
468 1463 564 1537 pace
593 1461 748 1510 manere
774 1440 910 1510 debent
929 1442 974 1511 ab
994 1438 1154 1511 inimicis
1174 1437 1430 1534 fugitivorum.

329 1541 444 1613 Multa
480 1539 630 1637 quidem
668 1548 705 1611 et
740 1538 813 1610 alia
847 1538 885 1610 in
917 1539 1021 1636 pacis
1053 1538 1164 1612 buius
1197 1537 1430 1611 institutione

331 1642 480 1714 fuerunt
500 1637 744 1745 coraposjta1.
852 1674 856 1680 ·

405 1741 544 1814 Comes
572 1741 642 1812 iste
666 1738 872 1813 Balduinus
900 1739 1055 1836 scilicet,
1081 1737 1252 1812 Balduini
1280 1736 1429 1810 comitis

330 1850 367 1914 ct
389 1841 503 1914 Alidis
525 1841 717 1913 comitisse
735 1837 848 1934 lilius,
872 1840 1038 1937 acceptis
1057 1840 1252 1912 hominum
1274 1861 1430 1912 suorum

329 1952 406 2014 tam
426 1941 605 2015 nobilium
625 1964 737 2037 quam
759 1941 906 2014 servilis
927 1940 1151 2014 conditionis
1172 1937 1429 2034 fidelitatibus,

330 2065 464 2138 pacem
491 2050 528 2112 et
551 2041 738 2112 iusticiam
765 2039 940 2136 diligenS,
968 2040 1185 2112 comitatum
1212 2039 1427 2112 Hanonien·

330 2165 413 2214 sem
432 2142 470 2212 in
491 2141 617 2212 multis
637 2139 825 2213 laboribus
842 2141 1066 2238 magnisque
1082 2140 1257 2238 expensis
1273 2139 1429 2212 viriliter

329 2252 367 2314 et
398 2265 483 2314 cum
515 2242 659 2314 honore
690 2241 819 2313 tenuit.
872 2241 938 2316 Cui
970 2242 1094 2335 Deusq
1131 2241 1251 2337 gratie
1279 2241 1427 2338 copiam

329 2342 565 2439 impendens,
594 2367 681 2414 eum
709 2343 802 2414 miro
833 2345 942 2414 modo
968 2343 1005 2414 in
1031 2342 1175 2414 actibus
1204 2341 1283 2414 suis
1309 2351 1346 2413 et
1364 2342 1428 2413 bo·

329 2467 462 2513 norum
491 2467 646 2514 suorum
673 2444 981 2538 augmentatione
1008 2442 1211 2539 plurimum
1237 2440 1426 2530 exaltavit.

326 2541 397 2615 llic
415 2541 566 2640 quidem
587 2563 731 2634 comes,
758 2543 794 2612 in
809 2542 966 2639 dapibus
987 2565 1140 2640 semper
1160 2541 1336 2638 allluenS,
1363 2544 1427 2614 do-

328 2667 429 2714 mum
451 2665 559 2715 suurn
579 2641 748 2714 honestis
770 2652 806 2712 et
825 2642 1027 2740 splendidis
1048 2642 1150 2737 cybis
1170 2652 1325 2741 semper
1343 2665 1426 2740 pro·

328 2744 489 2838 curavit⁷
527 2741 777 2816 servientibus
814 2742 893 2815 suis
930 2744 1165 2816 hereditariis
1202 2742 1323 2816 officia
1356 2767 1425 2815 sua

328 2843 554 2916 hereditaria
575 2842 741 2942 plenarie
761 2844 981 2940 recognovit
1000 2855 1036 2916 et
1053 2844 1253 2940 restituit²,
1281 2867 1423 2940 eosque

329 2959 353 3031 1)
380 2959 548 3014 Gislcbertus
575 2963 601 3013 in
629 2977 745 3013 errorem
771 2961 899 3015 incidisse
925 2962 1043 3024 ridetur,
1068 2979 1152 3032 quum
1178 2980 1228 3033 pax
1248 2962 1298 3015 ista
1318 2979 1333 3014 a
1353 2959 1424 3014 Bal-

326 3033 410 3087 duino
430 3032 568 3106 Vl.·anno
589 3033 668 3088 1200.
689 3035 796 3088 domurn
818 3038 879 3088 data
900 3034 987 3088 luerit.
1017 3033 1087 3088 Vide
1108 3043 1208 3089 textum
1229 3036 1300 3090 inter
1318 3051 1423 3106 appen-

326 3107 409 3160 dices.
449 3105 505 3160 etr.
526 3125 634 3180 quoque
655 3105 768 3160 lacobus
789 3109 822 3160 de
843 3105 937 3161 Guisia
958 3105 1047 3172 XVll,
1067 3107 1094 3168 2,
1115 3109 1162 3160 ubi
1183 3108 1264 3162 baec:
1292 3109 1342 3162 Hie
1362 3110 1426 3161 dicit

325 3179 457 3236 Gitbertns
477 3183 546 3249 quod
565 3186 615 3236 iste
634 3183 754 3236 dominus
773 3197 860 3235 sanies
875 3181 1019 3236 Balduinus
1037 3185 1130 3236 statuit
1144 3187 1172 3236 et
1185 3185 1319 3236 ordinauit
1331 3195 1422 3248 pacem

324 3259 353 3308 et
370 3257 450 3322 leuem
470 3255 633 3310 Montensern
652 3271 701 3324 aaa
721 3257 817 3311 dicitur
834 3270 891 3322 poa
909 3255 1094 3308 Hanantensis.
1132 3256 1188 3308 Sed
1210 3256 1286 3309 satra
1304 3271 1354 3310 sua
1372 3267 1422 3308 ra-

323 3332 457 3397 aerentin,
485 3343 536 3380 nan
563 3333 603 3382 est
628 3331 679 3394 ita,
705 3331 765 3396 quia
791 3331 848 3380 eius
870 3325 942 3392 filius
968 3332 1011 3396 qui
1029 3328 1080 3380 sibi
1098 3330 1126 3380 in
1146 3331 1268 3382 comitatu
1286 3330 1421 3394 successit,

323 3401 434 3451 eandem
460 3404 614 3467 corrrposuit,
645 3404 671 3452 et
694 3401 725 3452 dc
751 3403 879 3452 rorrnnuni
902 3414 1032 3452 consensu
1058 3405 1084 3452 et
1105 3401 1237 3454 uoluntate
1259 3403 1362 3468 parianu
1389 3415 1422 3452 ac

325 3475 438 3524 arantum
457 3471 577 3538 bornaqia
596 3473 735 3524 tenentium
752 3475 840 3538 patrie
856 3477 985 3538 perpetuo
1006 3473 1144 3526 tenendum
1163 3475 1294 3527 stabilivit.
1322 3472 1356 3526 lt't
1372 3473 1422 3526 lac

323 3543 406 3608 probo
426 3557 463 3596 en
478 3558 517 3609 eo,
538 3547 598 3612 quia
614 3547 664 3596 iste
680 3545 799 3596 dominas
815 3558 909 3611 carries,
927 3549 1006 3611 prout
1020 3543 1132 3610 inferias
1146 3547 1252 3616 patebit,
1271 3546 1336 3599 obiit
1350 3560 1421 3598 antro

324 3614 430 3668 dlarnini
450 3615 527 3669 1195,
547 3619 575 3668 in
593 3631 682 3670 mense
701 3615 865 3686 Decembris,
895 3615 936 3670 15.
958 3617 1015 3673 lint.
1035 3618 1169 3687 Ianuarii,
1194 3623 1221 3673 et
1241 3633 1298 3687 pas
1324 3617 1421 3671 Huno-

324 3691 424 3740 niensis
440 3687 493 3754 suit
509 3691 641 3758 ordinata,
659 3686 734 3757 sueta
752 3692 779 3742 et
792 3690 958 3757 proclamata
977 3707 1046 3744 ariao
1062 3691 1167 3745 Domini
1187 3691 1266 3744 1200.
1286 3695 1313 3744 in
1332 3705 1422 3744 mense

323 3759 440 3830 depasti,
459 3766 537 3829 prout
553 3766 627 3828 patet
644 3776 679 3815 ea
697 3763 774 3816 dictis
793 3763 927 3816 ambarum
944 3769 1077 3818 cantarunt
1094 3770 1119 3818 et
1133 3765 1182 3818 lroc
1197 3761 1309 3832 inferius
1322 3765 1421 3818 clari'us

323 3832 543 3902 manifestabitur,
565 3850 622 3887 cunr
641 3837 674 3888 de
692 3835 822 3888 balduino
843 3841 935 3890 cernite
951 3841 1098 3904 patriarum
1111 3837 1235 3892 Flandrie
1254 3853 1286 3892 ac
1298 3837 1420 3890 llananie

324 3913 350 3961 et
369 3909 474 3961 tandem
491 3905 728 3974 Constantinopolis
747 3911 912 3976 imperatoris
926 3914 979 3963 vita
993 3911 1156 3964 describetur
1169 3909 1226 3964 Deo
1239 3911 1312 3964 duce.
1342 3908 1421 3963 Forte

320 3986 414 4049 posset
431 3983 484 4034 dici
502 3981 572 4050 quod
590 3986 639 4034 iste
657 3995 743 4034 carnes
761 3981 907 4034 Baldninus
923 3997 1016 4050 paceni
1036 3988 1061 4036 et
1080 3989 1181 4036 sartam
1200 3985 1375 4051 composuerit
1394 3985 1420 4036 et

320 4052 391 4122 filius
410 4057 466 4108 eins
478 4053 624 4108 lietduinus
643 4059 830 4124 consequenter
848 4069 905 4109 eant
922 4059 1085 4123 proclamari
1101 4061 1147 4109 aut
1161 4055 1329 4124 manifestari
1340 4054 1419 4121 sece-

322 4131 372 4197 nt,
392 4133 426 4199 ,et
449 4131 488 4181 sic
512 4132 615 4181 starent
639 4128 709 4180 dicta
735 4125 845 4181 Gitberti
864 4131 891 4180 ia
910 4132 1013 4181 virtute.
1106 4129 1133 4199 2)
1157 4127 1307 4182 Ministeria
1328 4128 1419 4180 curiae

213 4239 229 4274 ·„
323 4197 505 4252 Bononiensis
525 4217 539 4251 a
560 4209 651 4253 nostro
671 4197 823 4254 Gisleberto
844 4210 869 4253 et
882 4199 1031 4253 Wilbelmo
1050 4211 1144 4270 patruo
1162 4200 1295 4256 Feruendi
1312 4199 1418 4254 comitis

321 4272 393 4324 circa
413 4287 437 4324 a.
460 4271 537 4328 1210.
558 4270 708 4344 constfilpta
727 4273 755 4326 iu
774 4276 922 4344 appendice
942 4274 1045 4326 danius.
