3118 4786
313 378 384 452 124
714 369 998 444 GISLEBERTI
1038 421 1039 424 η

221 577 476 652 ¹¹⁸¹·fitiorum
502 575 654 648 illorum
678 571 813 671 aliquis
832 571 1031 647 decederet
1058 584 1145 648 ante
1171 586 1411 652 contractum

310 675 606 770 matrimonium,
625 683 819 771 superstes
833 670 933 746 filius
949 673 1093 771 primus
1106 674 1145 747 in
1163 677 1410 751 matrimonio

309 778 539 854 succederet.
592 774 736 848 Eodem
761 773 880 848 eciam
900 775 1013 846 modo
1032 775 1078 848 de
1096 773 1245 850 filiabus
1263 778 1409 852 facturn

307 880 389 954 fuit.
728 895 730 898 ’
986 923 989 927 -

386 979 528 1053 Eodem
547 1001 645 1050 anno
658 976 849 1050 Gerardus
867 975 1083 1074 prepositus
1098 975 1319 1078 Duacensis⁷
1338 980 1409 1053 mi·

308 1082 365 1156 les
385 1079 488 1155 dives
508 1089 545 1153 et
569 1088 703 1177 potens
728 1077 1000 1175 parentelaque
1022 1101 1161 1175 magna
1178 1088 1257 1151 tarn
1275 1079 1313 1151 in
1332 1079 1409 1153 Ha-

309 1181 422 1254 nonia
442 1203 556 1279 quam
581 1179 618 1252 in
645 1177 818 1250 Fiandria
845 1186 881 1250 et
906 1175 944 1248 in
964 1176 1203 1252 Viromandis
1231 1179 1405 1278 stipatus,

310 1281 372 1380 qui
401 1291 437 1355 et
463 1278 642 1353 ucomite
661 1276 880 1352 Flandrensi
907 1286 946 1350 et
969 1301 990 1350 a
1018 1278 1155 1352 comite
1174 1278 1408 1354 Hanoniensi
1530 1321 1532 1326 .

309 1382 430 1454 multa
446 1384 546 1454 bona
559 1381 599 1464 ,in
620 1379 730 1453 feodo
749 1377 840 1475 ligio
858 1376 1033 1474 habebat,
1052 1380 1253 1476 quemdam
1272 1405 1409 1454 conso·
1531 1421 1532 1424 ¹

307 1482 459 1555 trinum
477 1505 587 1554 suum
606 1480 795 1554 Renerum
814 1478 859 1552 de
877 1475 1019 1552 Rocurt
1044 1501 1158 1578 super
1183 1481 1407 1578 quibusdam

310 1580 589 1677 controversiis,
609 1605 681 1678 que
699 1579 797 1654 inter
815 1601 881 1652 eos
900 1581 1157 1673 versabantur„
1182 1583 1405 1657 vulneravit.

210 1746 211 1751 ,
310 1683 458 1758 Comite
477 1693 604 1757 autern
622 1678 853 1758 Hauoniensi
873 1681 1076 1777 aquodam
1099 1692 1338 1757 tornamento
1359 1685 1405 1758 de

308 1783 442 1882 Blangi
469 1785 650 1858 redeunte
670 1793 707 1857 et
724 1782 797 1856 hoc
818 1780 1069 1879 percipiente,
1098 1781 1184 1879 quia
1211 1782 1246 1854 id
1273 1795 1404 1858 contra

308 1885 497 1959 iusticiam
516 1894 554 1959 et
570 1908 705 1982 pacem
721 1893 822 1957 torre
842 1907 910 1956 sue
927 1893 1186 1980 perpetratum
1207 1895 1304 1980 erat,
1323 1885 1404 1984 ipse

310 2009 438 2060 comos
458 1986 591 2056 domos
609 1983 791 2082 prepositi
811 1984 908 2080 apud
923 1980 1201 2057 Ermencicort¹
1222 1985 1259 2057 in
1278 1983 1404 2060 Ostro-

308 2110 431 2161 vanno
447 2084 666 2182 combussit,
686 2093 724 2158 et
741 2083 960 2157 firmitatem
981 2082 1081 2156 illius
1104 2083 1141 2156 in
1161 2085 1294 2160 eadem
1315 2086 1405 2160 villa

308 2185 530 2286 prostravit,
558 2195 595 2259 et
612 2189 711 2274 bona
729 2184 810 2260 eius
829 2211 901 2284 que
919 2185 988 2256 sub
1008 2183 1262 2260 dominatione
1281 2188 1407 2260 Hano·

309 2288 428 2362 niensi
447 2287 627 2384 habebat⁷
653 2286 806 2360 omnino
826 2285 1024 2384 occupavit
1041 2295 1214 2384 tempore
1233 2298 1404 2387 autump-

308 2387 395 2460 nali.
423 2387 565 2484 Exque
585 2397 689 2460 mota
706 2387 763 2460 ira
782 2387 932 2483 quidam
951 2384 1069 2483 ipsius
1083 2387 1266 2485 prepositi
1285 2413 1403 2487 nepos

307 2487 520 2560 Willelmus
535 2487 644 2560 miles
659 2487 705 2559 de
719 2486 854 2580 Rueth,
873 2485 1044 2582 Hugonis
1059 2485 1187 2580 frater,
1202 2492 1402 2585 quemdam

309 2585 457 2661 comitis
476 2586 728 2660 Hanoniensis
747 2585 975 2662 servientem
998 2584 1192 2660 incautum
1216 2589 1405 2664 interfecit

197 2701 230 2755 *t
245 2697 298 2754 38¹.
308 2688 346 2760 in
365 2687 483 2785 ipsius
503 2686 651 2761 comitis
671 2687 857 2762 offensam
876 2685 927 2761 'et
944 2685 1230 2786 detrimentum⁷
1257 2689 1295 2762 in
1314 2691 1402 2782 villa

218 2801 299 2859 1182.
310 2812 382 2885 que
401 2787 551 2859 Dichis²
569 2787 703 2860 dicitur
719 2787 879 2862 termino
898 2787 1080 2888 paschali.
1117 2787 1255 2863 Comes
1275 2801 1403 2866 autem

307 2885 560 2961 Hanoniensis
588 2912 674 2960 cum
705 2888 945 2963 festinatione
971 2887 1009 2960 in
1036 2887 1313 2963 Ostrevannum
1339 2916 1403 2965 ve·

305 2989 428 3084 niens,
445 2988 573 3062 villam
595 2987 741 3062 Rueth³
757 2989 844 3090 igne
863 2988 1134 3084 concremavit,
1162 3001 1199 3065 et
1221 2993 1266 3064 ad
1286 2992 1403 3066 maio·

307 3089 580 3166 remultionem
593 3092 841 3165 exercendam
853 3091 1020 3164 omnium
1032 3092 1403 3190 consanguineorum

308 3191 487 3290 prepositi
513 3192 646 3265 domos
679 3203 716 3266 et
741 3193 850 3266 villas
877 3192 915 3264 in
941 3189 1194 3286 Ostrevanno'‚
1228 3193 1320 3266 licet·
1347 3193 1402 3266 illi

307 3291 418 3364 huius
438 3293 547 3388 culpe
565 3293 753 3366 immunes
772 3301 911 3386 essent,
929 3291 1017 3388 igne
1032 3293 1241 3387 succendit3
1268 3294 1403 3368 deinde

306 3391 431 3488 ipsum
449 3392 682 3488 prepositum
702 3417 722 3464 a
743 3390 924 3489 proximis
950 3400 988 3464 et
1015 3391 1146 3465 amicis
1175 3393 1270 3491 suis,
1298 3394 1401 3466 nulla

305 3490 527 3587 interposita
546 3490 771 3587 conditione,
789 3513 946 3588 prorsus
965 3490 1127 3566 abiurari
1147 3494 1245 3568 fecit.
1309 3522 1311 3525 ’
1332 3538 1337 3542 -

215 3602 297 3659 1181.
381 3590 488 3661 Anno
508 3589 658 3662 Domini
680 3594 786 3666 1182.
813 3590 1006 3690 Philippus
1025 3617 1153 3667 comes
1172 3593 1344 3670 Flandrie
1363 3605 1403 3668 et

245 3675 543 3764 ¹¹¹¹·Viromandie
562 3713 676 3789 super
695 3691 917 3788 quibusdam
935 3694 1202 3768 controversiis
1217 3721 1289 3793 que
1303 3696 1404 3770 inter

303 3790 429 3890 ipsum
456 3801 494 3864 et
520 3790 713 3865 dominum
740 3815 850 3866 suum
872 3818 1004 3892 regem
1027 3792 1258 3868 Francorum
1280 3807 1403 3870 verte·

304 3893 451 3984 bantur,
480 3893 627 3966 occulte
651 3904 845 3992 assumpta
873 3895 1089 3993 occasione,
1116 3907 1246 3970 contra
1266 3896 1403 3969 Radul·

305 4073 331 4145 1)
350 4094 384 4129 un
397 4077 468 4130 idem
483 4085 562 4146 atquo
577 4035 789 4132 Hermiscurtis?
809 4077 954 4150 (Hermios,
967 4097 1020 4133 arr.
1034 4081 1068 4132 dc
1080 4077 1174 4142 Arras,
1191 4089 1261 4134 cunt.
1277 4080 1311 4133 de
1324 4075 1400 4132 Ber-

303 4149 430 4210 tincourtt
449 4167 473 4203 r.
488 4148 525 4203 Lo
540 4147 618 4221 Gay,
633 4147 770 4204 Glossairc
784 4159 834 4205 otc.
850 4149 968 4206 XXXV.
1031 4151 1058 4220 2)
1078 4148 1171 4222 Dechy
1185 4169 1268 4224 prope
1282 4150 1400 4222 Douapt

302 4220 329 4294 3)
349 4219 454 4277 Rosulr
475 4223 502 4275 in
522 4221 644 4290 Francia,
664 4241 747 4296 propo
767 4221 915 4279 Bouchuin.
