3118 4786
380 386 654 488 canonicos
681 412 991 488 unnonruusu.
1157 413 1229 488 201

139 607 297 687 veniret.
340 613 820 718 AdheccomesFiandrie
846 613 1174 712 responditquod
1200 611 1323 688 sities.
1411 623 1412 630 ’

141 714 433 796 confederationi
469 715 566 788 facte
595 740 679 788 cum
707 716 857 788 domino
885 738 991 812 rege
988 717 1233 788 Francorum

23 865 27 892 2
139 815 363 890 renunciare
377 815 503 914 vellet
518 827 555 890 et
569 826 693 890 castra
708 819 882 915 quedam,
901 816 1045 890 scilicet
1058 816 1234 889 Wailain·

141 927 240 1014 cort,
268 871 516 990 Pereusmorit
540 928 578 990 et
594 917 769 990 Businias
789 922 834 991 ab
855 941 899 990 eo
924 916 961 989 in
982 918 1091 989 feodo
1115 916 1234 991 susei-

23 1027 32 1066 ,r
140 1028 270 1115 peret,
298 1018 380 1118 ipse
400 1042 487 1091 eum
511 1016 677 1112 iuvaret3
704 1018 867 1116 alioquin
887 1041 974 1091 eum
994 1042 1233 1115 nequaquam
1305 1053 1308 1060 ’

28 1197 32 1206 ,
140 1118 294 1192 iuvaret.
340 1119 477 1194 Comes
497 1130 624 1192 autem
643 1119 896 1192 Hanoniensis
924 1119 961 1191 in
989 1121 1089 1191 nulio
1117 1118 1232 1192 fidem

140 1243 249 1293 suam
264 1221 396 1293 volens
411 1221 552 1317 tedere,
567 1220 861 1294 confederationi
876 1221 972 1292 facte
985 1245 1070 1293 cunr
1081 1219 1232 1294 domino

138 1345 231 1418 rege
246 1345 482 1419 nequaquam
498 1321 614 1394 voluit
627 1323 871 1418 renunciare3
891 1332 1013 1394 castra
1029 1333 1155 1394 autem
1169 1320 1233 1393 iiia

139 1423 311 1519 quamvis
331 1447 374 1496 ea
395 1423 502 1519 quasi
520 1423 557 1495 in
577 1423 711 1496 allodio
730 1432 879 1496 teneret
897 1433 934 1496 et
952 1425 997 1495 ad
1014 1423 1232 1498 comitatum

23 1595 25 1598 .
137 1522 421 1596 Hauoniensem
441 1524 630 1621 pertinere
647 1549 721 1596 non
736 1523 965 1618 viderentur,
984 1535 1110 1597 tamen
1126 1548 1169 1596 ca
1186 1528 1231 1598 ab
1332 1555 1334 1560 ·

137 1624 221 1720 ipso
242 1623 376 1696 comite
403 1625 572 1722 recipere
598 1625 732 1722 noluit,
756 1625 895 1699 timens
920 1625 1017 1698 iliius
1037 1625 1234 1698 austerita-

23 1801 24 1806 ,
138 1736 216 1797 tem
242 1736 282 1797 nt
309 1725 620 1822 quandocumque
648 1725 717 1799 sibi
749 1727 937 1821 placeret,
975 1749 1020 1796 ea
1048 1751 1069 1798 a
1095 1725 1231 1798 comite

23 1859 24 1918 j
124 1825 371 1899 Hauonieusi
390 1827 599 1922 requireret
617 1825 686 1899 sibi
705 1828 907 1923 reddenda,
928 1836 964 1898 et
983 1827 1016 1898 ei
1037 1829 1082 1899 ad
1103 1826 1231 1898 voiun-

24 1931 25 1934 ’
137 1938 254 2000 tatem
282 1951 389 2000 suam
415 1926 453 1999 in
476 1927 647 2001 Flandria
671 1927 753 2000 dies
780 1937 972 2025 tamquam
992 1926 1134 2000 homini
1162 1949 1253 2000 suo·

140 2029 298 2102 constitu
304 2038 384 2100 eret
408 2038 445 2100 et
470 2028 538 2102 sibi
565 2028 595 2101 si
619 2029 807 2126 placer7et
835 2053 922 2101 enm
952 2038 1144 2129 tamquam
1168 2027 1232 2100 aii·

139 2153 252 2226 quem
275 2133 474 2202 barrouem
497 2129 766 2202 Flandrensem
786 2133 831 2201 ad
851 2129 1016 2202 duellum
1036 2127 1232 2228 provocari

138 2229 294 2324 faceret
308 2228 405 2302 siout
419 2230 532 2302 moris
549 2241 607 2302 est
620 2229 657 2301 in
673 2229 828 2326 regione
842 2229 916 2302 iila.
949 2229 1085 2332 Sicque
1101 2253 1230 2305 comes

23 2381 24 2418 3
138 2329 390 2404 Hauoniensis
407 2340 443 2403 et
457 2329 648 2403 comitissa
666 2341 702 2401 et
717 2353 847 2406 eorum
862 2330 940 2420 filii,
959 2327 1073 2418 nichil
1091 2329 1230 2403 amoris

23 2505 25 2512 ,
136 2433 197 2505 vel
216 2429 365 2528 pietatis
380 2431 415 2502 in
433 2431 568 2504 comite
581 2430 800 2504 Flandrensi
818 2431 1068 2525 invenientes7
1086 2435 1131 2504 ad
1147 2455 1230 2531 pro·

23 2559 25 2620 ᾗ,
136 2533 216 2631 pria
241 2532 384 2606 reversi
410 2547 508 2606 sunt.
549 2533 678 2630 ltaque
706 2533 852 2606 comitis
871 2533 1109 2606 Flandrensis
1130 2533 1233 2604 auxi·

23 2643 26 2732 'g
134 2637 227 2706 lium
247 2634 372 2707 comiti
390 2633 625 2707 Hanoniensi
643 2657 709 2731 pro
729 2633 880 2706 domino
896 2657 987 2732 rege
1001 2634 1229 2706 Francorum

23 2733 25 2774 ³
137 2735 272 2827 defuit3
307 2735 447 2807 domini
477 2759 567 2806 vero
598 2735 700 2832 rogis
731 2735 959 2808 Francorum
996 2759 1062 2832 pro
1094 2735 1229 2808 comite

23 2889 25 2938 4
139 2835 343 2932 Campanis
369 2834 494 2906 comiti
512 2837 744 2910 Hanoniensi
772 2836 898 2909 defuit.
942 2835 1077 2933 Sicque
1104 2837 1228 2934 ipsum

138 2935 314 3010 comitem
342 2935 625 3008 Hanuniensem
651 2936 776 3009 omnia
802 2937 946 3010 maiora
982 2937 1132 3033 negotia
1160 2961 1227 3010 sua

23 3067 24 3114 a
136 3061 205 3136 per
223 3059 312 3109 suos
339 3036 440 3109 solos
459 3037 722 3109 Hanonienses
749 3037 924 3110 homines
950 3037 1133 3134 oportuit,
1159 3038 1229 3110 Dei

23 3133 27 3228 ξ
136 3138 257 3238 gratia
275 3147 471 3235 preeunte,
491 3159 767 3209 consummare
1268 3137 1271 3142 ’

23 3251 25 3260 ’
213 3238 472 3313 Consideravit
490 3248 616 3310 autem
637 3261 766 3310 comes
785 3236 1039 3310 Hanoniensis
1067 3228 1228 3335 gratiam

23 3407 25 3446 r
139 3340 292 3412 domini
302 3339 540 3438 imperatoris
561 3349 598 3412 et
616 3339 754 3412 domini
781 3338 931 3411 Henrici
954 3338 1056 3436 regis
1081 3337 1146 3410 filii
1171 3336 1229 3410 sni

139 3441 208 3514 sibi
233 3442 314 3515 fore
347 3441 605 3514 necessariam
639 3439 677 3511 in
705 3439 951 3539 occupatione
978 3441 1134 3513 honoris
1158 3439 1228 3512 Na·

26 3556 31 3611 ’;
138 3542 276 3636 marci,
297 3541 482 3640 cumipse
502 3541 635 3614 allodia
654 3543 701 3614 ad
719 3541 918 3639 imperium
939 3541 1164 3639 pertineant,
1192 3551 1229 3613 et

138 3647 297 3742 quedam
325 3644 433 3716 feoda
459 3646 504 3714 ab
531 3643 614 3741 ipso
634 3642 861 3742 imperatore
881 3642 1136 3716 Romanorum
1164 3642 1229 3714 ha·

31 3740 45 3820 'a
137 3749 304 3830 beantur
358 3745 462 3834 Unde
490 3743 892 3818 comesHanoniensis
919 3744 1044 3818 habito
1071 3767 1227 3822 suorum

43 3833 57 3906 i
138 3847 292 3919 consilio
319 3845 534 3939 hominum‚
558 3845 715 3916 nuncios
742 3847 786 3918 ad
815 3845 1003 3918 dominum
1024 3844 1226 3917 Henrienm

66 4019 70 4046 4
136 3947 391 4020 Romanorum
418 3969 572 4043 regem,
606 3946 704 4018 circa
731 3946 878 4020 Renum
903 3957 1114 4018 morantem
1141 3968 1226 4016 cum

67 4063 75 4150 '4
137 4047 359 4122 Constancia
379 4071 495 4119 uxore
516 4071 597 4140 sua,
624 4047 846 4144 transmisit
864 4047 1036 4121 videlicet
1054 4050 1227 4118 abbatem

74 4146 442 4246 NViconiensem¹
486 4148 678 4221 hominem
716 4153 810 4223 bene
846 4149 1056 4244 literatum,
1100 4147 1226 4244 lingua

80 4321 85 4356 4
80 4275 163 4348 41)
182 4275 339 4330 Amulium
