3118 4786
234 437 235 440 ’
367 428 643 504 CHRONlCON
669 429 984 506 Hauoutrulsn
1157 430 1228 510 175

125 633 267 710 llldens
285 641 413 706 autern
433 654 564 706 comes
578 630 848 728 Hnooniensis,
867 633 964 729 qnod
980 631 1320 708 compertae-11⁸⁶·

126 733 207 812 drie
233 731 318 809 odio
341 731 449 830 gravi
466 731 674 810 Errardum
697 734 841 827 oderat,
868 732 956 830 quia
975 757 1105 808 comes
1123 733 1231 808 Flan-

126 834 209 910 drie
231 833 413 910 dominus
446 843 527 906 erat
558 843 598 907 et
625 832 854 914 iusticia-ius
891 833 1025 929 duelli,
1064 834 1231 914 laudavit

126 935 293 1008 Errardo
321 944 362 1007 ut
387 933 417 1008 si
447 957 582 1033 pacem
610 934 737 1010 facere
765 945 916 1033 posset,
951 935 1096 1010 faceret
1126 946 1231 1010 ante·

127 1059 241 1134 quam
259 1035 427 1110 duellum
445 1037 732 1133 aggrederetur,
751 1059 830 1133 per
826 1035 965 1110 illius
956 1037 1143 1114 iusticiam
1162 1061 1231 1137 per

127 1160 240 1234 quem
261 1146 300 1210 et
317 1159 384 1234 pro
404 1159 477 1236 quo
497 1139 544 1210 ad
558 1136 723 1212 duellum
737 1147 966 1235 provocatus
982 1148 1074 1212 erat.
1100 1139 1231 1237 ltaque

125 1237 315 1312 Errardus
326 1238 631 1336 pacemfacrens,
645 1248 812 1312 castrum
823 1238 1232 1328 ειιιιιιιΜοιιιιιιιιιιιιιι1

128 1337 263 1436 quod
254 1362 292 1410 m
318 1337 454 1413 allodio
480 1343 654 1434 tenebat,
682 1339 796 1414 situm
820 1339 1002 1438 onmem
992 1365 1030 1414 ιιι
1050 1341 1231 1416 comitatu

126 1439 381 1533 Hanoniensi,
408 1441 506 1538 quod
534 1440 686 1537 quidem
712 1449 879 1514 castrum
907 1465 1037 1516 comes
1059 1442 1232 1517 Flandric

128 1542 175 1614 de
199 1540 309 1614 feodo
337 1564 407 1614 suo
434 1563 523 1616 esse
542 1541 709 1639 dicebat,
734 1541 883 1641 abipso
903 1543 1041 1619 comite
1058 1543 1232 1618 Flandrie

127 1641 166 1714 in
193 1641 305 1714 feodo
332 1641 499 1740 accepit,
527 1653 566 1716 et
590 1641 679 1716 illud
704 1644 869 1782 dominio
887 1643 1059 1754 Flandrie
1084 1645 1152 1718 fuit
1170 1647 1232 1718 ad-

130 1742 260 1817 ditum.

204 1841 440 1917 Adveniente
458 1841 546 1917 inde
564 1843 726 1918 termino
746 1844 937 1942 paschali,
965 1870 1064 1919 anno
1083 1844 1231 1920 Domini
1245 1847 1323 1905 1787·

133 1948 243 2042 1187,
263 1967 393 2020 comes
409 1945 710 2020 Namurcensis
700 1971 736 2018 ιιι
756 1947 900 2021 malum
920 1956 957 2020 et
976 1921 1286 2020 commodatio-⁵¹³
1259 1997 1304 2050 29
1289 1931 1323 1977 't’

130 2069 220 2120 nem
240 2045 387 2120 comitis
406 2045 660 2120 Hanoniensis
678 2047 829 2146 nepotis
849 2072 906 2121 sur
898 2047 1121 2146 laborans,
1144 2051 1232 2122 dum

131 2146 167 2220 ci
186 2146 356 2220 amicicie
375 2147 519 2220 vultum
538 2150 795 2246 protenderet,
815 2149 1086 2222 conventiones
1107 2149 1234 2224 metri·

131 2247 249 2322 monii
240 2246 337 2320 lilie
353 2271 421 2320 sue
437 2249 591 2345 parvule
605 2250 890 2345 Ermensendis,
910 2251 1077 2324 nundum
1093 2275 1235 2322 annum

129 2347 321 2444 habentis,
348 2347 473 2422 comiti
493 2349 749 2447 Campanensi
767 2349 931 2424 Henrico
949 2352 1143 2448 tradende,
1167 2375 1236 2449 per
1298 2365 1300 2368 ’

130 2459 312 2549 nepotem
325 2473 436 2522 suum
451 2449 729 2524 Manasserium
744 2449 921 2524 comitem
935 2452 1157 2548 lletensem,
1176 2476 1237 2527 co·

130 2551 232 2626 mitis
253 2551 528 2649 Campanensis
548 2551 756 2649 hominem,
783 2551 957 2650 firmavit,
985 2553 1132 2628 occulte
1151 2579 1236 2651 pro·

130 2652 285 2727 mittens
303 2651 356 2725 illi
375 2652 488 2727 totius
514 2663 615 2726 terre
643 2677 714 2730 sue
740 2653 1010 2750 hereditatem,
1037 2679 1123 2728 cum
1152 2655 1235 2752 ipse

133 2777 264 2827 comes
296 2754 572 2852 campanensis
605 2754 753 2829 comitis
785 2755 1039 2830 Hanoniensis
1071 2757 1236 2830 iurasset

131 2853 247 2928 filiam
277 2853 451 2952 accipere
480 2877 647 2928 uxorem.
703 2855 812 2944 Quod
844 2879 929 2930 cum
957 2856 1083 2930 comiti
1112 2857 1236 2930 llano-

132 2953 256 3031 niensi
275 2953 412 3028 fuisset
428 2954 656 3052 intimatum,
678 2955 762 3054 ipse
780 2957 939 3030 nuncios
958 2982 1064 3052 suos,
1092 2957 1238 3031 scilicet

132 3054 326 3132 dominum
346 3056 608 3150 Lambertum,
634 3057 893 3129 venerabilem
913 3061 1087 3132 abbatem
1107 3059 1236 3131 Sancti

11 3157 12 3162 ’
133 3155 290 3251 Gisleni,
310 3165 347 3230 et
361 3155 613 3230 Gislebertum
633 3155 813 3230 clericum
832 3181 957 3254 suum,
976 3161 1023 3230 ad
1041 3158 1237 3232 dominum

131 3257 403 3355 imperatorem
423 3257 680 3330 Romanorum
694 3257 936 3331 Fredericum
954 3258 1177 3354 transmisit,
1198 3270 1238 3333 ut

132 3359 206 3433 hec
233 3357 268 3432 ei
296 3356 553 3458 significarent
580 3369 618 3432 et
646 3359 728 3434 eius
755 3360 988 3434 voluntatem
1018 3383 1134 3459 super
1163 3315 1238 3434 lroc

134 3457 317 3534 audirent
366 3460 510 3549 Quibus
528 3460 731 3534 dominus
721 3473 929 3576 imperator
946 3464 1043 3560 apud
1064 3461 1237 3536 Tullum²

134 3561 326 3636 civitatem
349 3561 388 3634 in
406 3561 649 3660 lotharingia
676 3562 902 3660 respondit
893 3588 931 3635 m
954 3563 1235 3678 sollempnitate

132 3673 397 3764 pentecostes,
425 3665 541 3762 quod,
568 3673 655 3762 post
683 3665 885 3738 decessum
913 3665 1060 3740 comitis
1079 3665 1310 3738 namur-Mu·

134 3765 261 3840 censis
287 3776 325 3840 et
348 3764 647 3860 Luscelehorch,
675 3765 801 3837 omnia
830 3767 938 3839 feoda
967 3769 1012 3840 de
1039 3770 1135 3840 dono
1166 3790 1234 3839 suo
1257 3741 1299 3796 ¹⁷·

135 3879 261 3965 erant,
298 3877 335 3941 et
366 3891 412 3940 ea
443 3864 585 3939 nemini
619 3867 864 3963 concederet,
902 3866 974 3941 nisi
1006 3867 1075 3942 soli
1109 3867 1236 3940 comiti

11 4009 12 4012 ι
132 3923 385 4066 Hanoiriensi,
413 3967 471 4043 cui
499 3978 537 4042 et
561 3967 671 4042 feoda
692 3977 730 4042 et
748 3967 911 4042 allodia
902 3994 938 4041 m
960 3969 1062 4042 curia
1080 3959 1235 4065 Magon-

11 4163 12 4166 ,
132 4024 568 4167 tina.confirrriave1·3'et
558 4093 596 4142 ιιι
614 4068 759 4144 allodiis
775 4080 902 4144 autem
917 4070 1064 4144 comitis
1079 4070 1236 4143 Namus-

11 4195 14 4274 l
103 4225 161 4297 ’1)
179 4221 332 4294 Mortagoe.
424 4226 451 4296 2)
478 4224 564 4290 Toul,
584 4225 653 4280 laiso
672 4223 793 4281 Annales
814 4223 989 4280 Colonienses
1011 4225 1120 4281 maximi
1138 4225 1177 4283 M.
1199 4225 1233 4283 G.

11 4291 13 4392 ξ
136 4296 186 4356 SS.
208 4296 299 4353 XVll.
318 4317 343 4370 p.
363 4297 419 4352 792
438 4300 545 4356 dicunt:
562 4305 733 4370 pentecosten
752 4298 884 4368 illectura
903 4299 1028 4356 celemus
