3002 4790
287 437 288 446 a
363 339 977 504 canonicouuanomansu
1134 387 1215 461 asa

107 587 218 685 ’silio'
236 589 395 662 ecclesie
423 591 469 672 ad
490 589 638 688 negotia
658 588 820 663 ecclesie
833 589 1018 668 mittatur.
1036 645 1037 648 ,
1053 587 1134 662 Hoc
1153 610 1215 659 au·
1228 599 1307 660 nes

120 699 200 762 tem
230 690 424 789 utriusque
448 689 625 765 ecclesie
641 690 809 764 canonici
835 689 959 762 iurare
986 690 1144 782 debent,
1169 697 1216 782 et

121 790 274 862 domine
293 791 330 862 in
350 793 484 868 virtute
504 791 714 866 obedientie
729 791 959 890 promittere.
990 790 1069 863 Hoc
1086 797 1214 860 autem

121 893 262 989 scripto
277 891 583 991 cirographizato
607 903 644 966 et
667 893 789 990 sigillo
812 891 958 964 comitis
979 889 1159 987 sepedicti
1179 899 1216 962 et

23 1001 34 1022 ⁴
120 991 245 1088 sigillo
270 989 383 1066 beate
409 985 659 1068 Waldetrudis
694 993 912 1066 confirmata
947 1001 1048 1066 sunt.
1080 989 1214 1062 ·Huius

117 1091 420 1168 autem'comitis
446 1093 543 1169 filius
570 1095 794 1192 Balduinus,
824 1093 933 1175 miles
962 1116 1101 1188 novus,
1128 1113 1233 1164 cum.

119 1193 359 1290 Marglrareta
386 1219 501 1268 uxore
528 1221 597 1270 sua
622 1198 693 1269 hos
722 1195 895 1268 denarios
925 1193 1087 1266 ecclesie
1112 1192 1215 1264 Mon·
1311 1275 1315 1284 ⁸

118 1295 219 1366 tensi
246 1308 428 1393 perpetuo
457 1297 787 1371 amministrandos
819 1295 1029 1380 iuramento
1056 1293 1214 1392 prestito

119 1390 292 1467 firmavit.
483 1409 486 1414 “
594 1445 649 1480 ⁴-
738 1470 740 1474 .
932 1395 933 1398 ’
1017 1427 1019 1435 ,

194 1495 380 1593 Tempore
416 1499 526 1596 paulo
563 1508 675 1571 antea
708 1496 886 1597 preterito
922 1496 1003 1594 ipse
1040 1493 1214 1567 dominus

119 1615 251 1669 comes
270 1597 522 1690 Hauoniensis
540 1599 727 1671 Montensi
746 1599 906 1672 ecclesie
923 1596 1217 1686 confirmaverat
1394 1683 1397 1688 ¹

119 1700 308 1794 quandam
335 1696 487 1770 terram
511 1699 567 1771 'in
597 1708 790 1797 potestate
808 1702 862 1771 'de
888 1697 1034 1792 Cumis,
1070 1719 1142 1794 que
1167 1696 1213 1768 ad
1224 1712 1253 1768 n.
1267 1712 1312 1769 oo.
1484 1712 1488 1723 ’

118 1797 242 1894 ipsam
275 1799 478 1884 ecclesiam
503 1807 557 1872 ex'
578 1800 785 1882 elemosina
812 1791 974 1871 Alderici
996 1801 1214 1892 devenerat,

116 1922 232 1994 quarn
253 1903 299 1972 ab
322 1901 423 1972 omni
444 1903 640 1974 advocatia
663 1911 702 1973 et
720 1900 915 1973 exactione
936 1899 1092 1974 liberam
1112 1897 1213 1994 fecit,

119 2009 159 2071 ut
179 1999 263 2099 ipsa
283 2001 444 2080 ecclesia
464 2013 603 2074 terram
622 2003 723 2075 illam
749 2002 864 2075 libere
892 2012 929 2074 et
948 1999 1072 2098 quiete
1092 1998 1213 2097 possi-

11 2127 12 2132 *
114 2103 205 2172 deat
231 2099 268 2172 in
292 2113 528 2204 perpetuum.
573 2103 849 2201 Quodquidem
874 2102 1013 2200 scripto
1033 2111 1071 2173 et
1089 2099 1211 2197 sigillo

11 2185 23 2217 '
119 2223 202 2274 suo'
225 2202 398 2275 dominus
435 2227 564 2276 comes
601 2205 724 2277 eidem
761 2204 922 2294 ecclesie
967 2200 1212 2274 confirmavit.
1303 2231 1306 2240 ·

11 2327 12 2330 ¹
114 2301 217 2374 Satis
238 2295 365 2374 aulem
385 2303 480 2378 dicta
506 2303 721 2380 infirmitate
741 2305 914 2378 dominus
934 2326 1069 2390 comes
1084 2304 1211 2374 deten-

100 2411 177 2475 'tus
226 2407 386 2500 quedam
411 2431 483 2503 que
504 2418 631 2479 contra
659 2405 859 2480 ecclesiam
880 2405 1004 2503 ipsam
1027 2403 1066 2502 in
1092 2403 1211 2502 ipsius

117 2527 180 2576 rec
197 2507 385 2578 amatione
406 2508 475 2580 sihi
495 2517 755 2605 usurpaverat,
775 2507 918 2580 scilicet
932 2504 1097 2581 decimas
1113 2504 1212 2578 oble·
1342 2597 1346 2606 Ι

115 2604 259 2676 tionum
288 2610 333 2680 de
353 2606 489 2681 Braina
507 2609 723 2704 Wilhotica,
749 2607 883 2680 tamin
904 2611 1021 2702 burgo
1041 2605 1210 2704 quentin
1313 2623 1317 2630 '

118 2705 217 2800 villa,
246 2707 320 2802 ipsi
346 2710 507 2781 ecclesie
526 2710 641 2782 libere
661 2709 887 2782 et'absolutc
904 2704 1081 2802 restituit,
1107 2714 1211 2779 etue

117 2804 272 2877 ulterius
297 2808 458 2880 ecclesia
485 2809 691 2907 superbiis
713 2808 868 2906 aliquod·
887 2805 1212 2906 patereturdetri·

11 2933 12 2936 ¹
118 2916 308 3002 mentum,
331 2909 479 3006 scripto
500 2920 537 2981 et
556 2909 678 3006 sigillo
698 2933 766 2982 suo
787 2935 831 2982 ea
850 2910 921 3006 ipsi
942 2909 1103 2982 ecclesie
1123 2932 1211 2980 con·

12 3025 13 3028 ’
118 3003 289 3079 firmarit:
533 3015 535 3020 “
750 3031 796 3075 Α

11 3105 13 3168 ἶ
131 3104 134 3114 ’
189 3107 229 3179 ln
248 3107 358 3180 huius
379 3107 499 3180 eciam
525 3108 751 3190 infirmitatis
771 3108 1016 3207 occupatione
1035 3109 1207 3182 dominus
1246 3109 1248 3112 ’

11 3223 13 3300 2
93 3216 245 3282 scome's
265 3209 326 3307 qui
345 3213 391 3283 de
410 3220 598 3308 potestate
613 3211 774 3308 deKevi,
794 3213 891 3308 apud
907 3210 1090 3306 Rogerias
1110 3209 1247 3304 facto·
1345 3271 1348 3280 .
1463 3245 1465 3252 ¹

117 3308 270 3406 vivario,
298 3315 479 3409 quasdam
497 3322 618 3392 terras
639 3322 918 3410 occupaverat,
934 3311 971 3383 in
991 3310 1123 3408 quibus
1150 3335 1210 3384 ec·

11 3473 12 3476 ,
115 3409 231 3482 clesia
249 3411 457 3504 Montensis
476 3414 686 3487 reddituum
707 3425 744 3486 et
762 3437 945 3486 censuum
964 3436 1031 3510 pro
1051 3435 1210 3510 occupa-

11 3531 15 3590 ,
118 3509 218 3583 tione
247 3513 375 3585 vivarii
402 3517 605 3613 dampnum
630 3516 852 3612 sustinebat,
878 3514 1207 3612 quasdamtallias

11 3671 13 3698 2
43 3681 45 3684 ,
118 3621 155 3682 et
173 3614 403 3708 exactiones,
431 3641 529 3714 quas
553 3617 590 3689 in
615 3617 837 3719 quibusdam
864 3615 973 3687 terris
1001 3614 1120 3712 ipsius
1148 3639 1208 3687 ec·

11 3763 13 3808 f
119 3712 232 3785 clesie
259 3716 433 3812 propriis,
459 3717 497 3788 in
523 3729 710 3815 potestate
729 3721 774 3789 de
793 3717 885 3789 Kevi
909 3718 1007 3814 apud
1025 3716 1207 3813 Rogerias

11 3821 12 3854 ³
118 3825 153 3885 et
169 3814 339 3888 Alarsart
358 3827 394 3889 et
412 3818 542 3891 Home·
565 3829 602 3890 et
624 3818 660 3890 in
689 3819 883 3893 bonerium
899 3842 1033 3913 unum,
1047 3843 1081 3889 a
1097 3817 1209 3892 Lam·
1238 3811 1244 3822 ⁴

119 3917 219 3987 berto
240 3927 426 4014 emptum,
451 3923 674 4018 quandoque
694 3921 879 4017 exigebat,
898 3918 970 4016 ipsi
990 3917 1207 3991 ecclesiein

11 4025 14 4102 ³:
66 4056 68 4062 ·
117 4015 364 4090 elemosinam
398 4031 435 4092 et
464 4021 502 4092 in
533 4020 925 4118 recompensationem
954 4020 1206 4118 predictorum

11 4117 13 4188 ff
119 4117 324 4207 reddituum
348 4117 390 4207 'et
417 4105 946 4220 censuirm'libln·asprorsus
973 4121 1136 4218 remisit,
1168 4132 1208 4193 ut

117 4216 322 4292 Montensis
351 4223 511 4318 ecclesia
530 4223 663 4297 tamin
690 4223 761 4297 illis
787 4223 896 4297 terris
920 4247 1031 4322 quam
1061 4223 1096 4294 in
1125 4223 1206 4296 aliis
