3066 4788
288 367 290 370 ’
378 355 653 434 CHRONlCON
679 342 988 433 HANONIENSE.
1186 357 1231 434 tt

130 555 236 638 duini
267 556 612 632 comitisetlllidis
641 559 834 634 comitisse
863 555 1232 657 superfueruntfilii,

14 689 15 692 ¹
131 655 338 732 Balduinus
367 657 522 755 scilicet,
550 660 612 757 qui
639 660 849 732 Hanoniam
878 661 1012 758 primo,
1040 659 1178 732 deinde·
1195 668 1234 731 ct

131 757 345 830 Hanoniam
376 769 413 832 et
441 759 690 857 Namurcnm,
729 771 861 858 postea
894 771 931 832 et
956 759 1166 832 Flandriam
1195 770 1237 831 at

49 899 53 906 ·
131 857 344 930 Hancniam
361 868 398 932 et
411 860 639 932 Namurcum
654 870 829 960 potenter
846 859 977 955 tenuit,
996 870 1034 933 et
1047 859 1234 934 chricus'
1361 873 1363 879 ’

130 958 256 1038 iunior
274 957 385 1055 tilius,
415 961 472 1032 cui
492 970 598 1057 pater
617 961 653 1032 in
673 962 748 1034 vita
769 985 851 1056 sua,
878 957 1040 1032 assensu
1060 959 1231 1032 Balduini

130 1059 243 1155 primi
269 1065 359 1134 tnnc
384 1057 462 1153 filii,
491 1063 587 1132 bona
615 1084 688 1157 que
713 1061 794 1157 ipse
822 1060 1059 1159 acquisierat,
1087 1059 1235 1132 scilicet

129 1158 257 1230 villam
277 1156 471 1232 Sevorch²
500 1171 537 1234 et
565 1159 690 1232 villam
716 1160 820 1234 Fait²
848 1171 885 1232 et
916 1171 1061 1258 partem
1081 1158 1231 1258 Αηςιᾞ3

130 1258 219 1330 ville
238 1269 276 1332 et
294 1270 440 1358 partem
461 1272 632 1358 quartam
660 1261 696 1334 in
725 1273 802 1334 toto
828 1261 962 1352 allodio
988 1263 1034 1334 de
1054 1255 1231 1334 Gociliis⁴

79 1381 81 1384 ·
128 1369 170 1430 et
204 1361 418 1435 advocatias
451 1360 487 1433 in
517 1362 684 1460 partibus
716 1363 788 1436 illis
820 1386 938 1461 prope
971 1361 1156 1458 Gocilias,
1192 1360 1235 1433 in·

127 1458 354 1556 quibusdam
376 1461 473 1534 villis
492 1463 618 1536 Sancti
639 1463 736 1542 Petri
755 1463 988 1555 Lobien5i55,
1009 1461 1228 1560 assignavit.

128 1559 208 1632 ‘ne
225 1561 297 1634 hiis
314 1563 486 1635 omnibus
502 1565 686 1638 Henricus
702 1565 805 1636 tratri
821 1589 888 1637 suo
903 1563 1084 1636 Balduino
1099 1562 1228 1658 ligium
1240 1571 1251 1595 *
1263 1571 1280 1625 t·
1297 1569 1338 1626 ¹8·

127 1659 340 1734 hominium
361 1663 535 1737 exhibuit.

206 1760 409 1836 Balduinus
438 1787 567 1837 comes
591 1762 857 1858 Hanoniensis,
875 1761 1056 1834 'balduini
1081 1759 1227 1834 comitis

126 1870 169 1932 ct
188 1861 365 1936 Yolendis
386 1863 579 1938 comitisse
597 1863 716 1958 filius,
744 1866 931 1960 quandam
959 1863 1058 1934 inter
1081 1872 1227 1954 ceteras

125 1985 152 2032 a
173 1962 331 2034 Domino
351 1965 510 2060 gratiam
531 1965 669 2039 habuit.
710 1966 803 2039 Cum
832 1991 852 2037 a
880 1963 1111 2062 temporibus
1137 1961 1227 2033 mul·

14 2063 17 2074 '
125 2072 254 2134 torum
271 2065 1235 2158 comitmnHanoniensiumfuissetinauditumqnod'

124 2161 267 2255 aliquis
296 2163 465 2258 ipsorum
495 2167 673 2236 comitum
701 2165 864 2260 aliquem
891 2164 1052 2235 liliorum
1073 2185 1227 2235 suorum

127 2260 290 2332 militem
316 2261 483 2356 vidisset,
511 2263 571 2334 vel
597 2261 712 2333 filiam
738 2265 973 2356 maritatam,
1000 2263 1071 2332 iste
1098 2281 1234 2332 comcs-

127 2359 264 2433 vivens
285 2371 322 2433 et
342 2371 477 2458 potens
497 2387 586 2436 suas
604 2361 700 2435 filias
715 2372 793 2436 tres
809 2364 925 2435 tribus
941 2363 1029 2434 viris
1044 2361 1230 2434 nobilibus

127 2471 169 2534 et
189 2461 403 2559 potentibus
430 2463 629 2558 maritavit,
656 2487 812 2561 quarum
840 2463 1000 2561 primam
1019 2463 1227 2535 Yolendem

71 2647 73 2649 ,
127 2562 410 2661 perpulchram,
431 2561 649 2638 elemosinis
670 2575 707 2637 et
724 2564 859 2638 divinis
879 2563 1011 2636 officiis
1031 2563 1227 2658 intentam,

127 2663 234 2736 duxit
261 2687 416 2736 uxorem
444 2662 507 2737 lvo
532 2665 671 2761 senior,
697 2665 830 2738 nobilis
858 2688 987 2738 comes
1008 2663 1237 2738 Suessionis

127 2760 381 2861 dominusque
418 2765 585 2864 Nigelle,
621 2766 675 2839 vir
709 2765 934 2838 venerabilis
963 2775 1000 2837 et
1027 2775 1160 2862 potens
1190 2773 1228 2836 et

14 2939 16 2966 ,
128 2863 258 2960 largus
277 2864 313 2936 in
334 2864 440 2938 donis
461 2877 498 2939 et
517 2867 682 2939 omnium
703 2861 888 2939 baronum
904 2866 1058 2962 Francie
1079 2865 1228 2963 sapien-

14 2979 19 3086 )
130 2965 312 3038 tissimus.
362 2967 416 3038 De
444 2990 517 3063 qno
545 2967 658 3038 lvone
679 2991 763 3040 cum
784 2968 867 3063 ipsa
886 2966 1052 3038 Yolende
1081 2965 1226 3063 prolem

131 3088 204 3136 non
239 3066 395 3137 haberet
433 3076 468 3136 et
500 3065 583 3162 ipse
611 3066 671 3137 lvo
700 3065 953 3157 decessisset,
989 3065 1071 3157 ipsa
1100 3063 1228 3158 nupsit

14 3165 17 3252 l
129 3165 278 3262 Hngoni
293 3163 421 3238 Sancti
437 3165 551 3259 Pauli,
573 3164 677 3236 militi
692 3168 821 3261 probo,
840 3166 886 3234 de
902 3185 973 3258 quo
987 3159 1083 3232 filias
1099 3161 1227 3233 habuit

17 3287 18 3290 ’
129 3265 329 3338 Elisabeth
343 3265 646 3338 etEustaclriam.
678 3264 891 3338 Secundam
911 3271 1038 3334 autem
1057 3260 1226 3334 Balduini

14 3355 18 3366 ’
130 3365 279 3438 comitis
308 3376 345 3438 et
371 3366 487 3439 Alidis
514 3366 705 3439 comitisse
733 3363 868 3460 filiam,
894 3367 1103 3460 Agnetem,
1130 3361 1226 3436 facie

14 3519 17 3534 ,
129 3467 328 3562 decoram,
365 3466 560 3539 dulcedine
589 3478 626 3540 et
652 3466 819 3539 omnium
848 3488 997 3536 mornrn
1026 3465 1234 3563 honestate

130 3565 326 3660 imbutam,
351 3570 417 3639 sed
445 3590 576 3664 parum
606 3567 891 3662 claudicantem,
919 3564 1047 3638 habuit
1070 3581 1226 3638 uxorem

14 3741 16 3756 ,
130 3667 187 3739 vir
207 3667 351 3763 nobilis,
378 3676 512 3763 potens
534 3677 571 3738 et
588 3667 693 3740 dives
713 3667 932 3764 Radulphus
961 3667 1006 3738 de
1025 3665 1137 3760 Cocy,
1165 3665 1227 3759 qni

129 3778 169 3839 ct
188 3765 410 3842 Cociacum6
439 3777 476 3840 et
501 3765 679 3838 lllarlaml
705 3777 741 3840 et
759 3764 987 3846 Vervinnm⁸
1013 3776 1050 3838 et
1069 3763 1225 3850 reum?

14 3965 19 3990 ,
132 3921 157 3990 1)
178 3919 310 3990 Sebourg‚
329 3921 356 3974 in
378 3917 474 3981 Gallia,
494 3937 548 3974 arr.
561 3905 601 3974 da
621 3919 826 3975 Valenciennes.
906 3919 934 3991 2)
955 3911 1178 3990 Fayt-'le-Graml
1199 3926 1226 3970 et

132 3991 344 4064 noya-te-Penv,
363 3992 390 4046 in
410 3991 512 4058 Gallia,
532 3994 638 4048 arrond.
659 3993 815 4048 d'drosnes.
908 3993 935 4066 3)
952 3988 1053 4062 Angre,
1075 3992 1102 4044 in
1123 3987 1224 4063 Belgis,

132 4084 186 4120 arr.
206 4069 240 4121 dc
259 4064 347 4130 Mons,
367 4075 437 4121 cant.
457 4069 492 4122 dc
511 4065 597 4121 Dour.
671 4066 698 4136 4)
718 4064 863 4131 Gosseliea,
882 4065 911 4118 in
930 4063 1083 4123 Harmonia,
1104 4079 1118 4114 a
1136 4059 1226 4116 Char-

14 3989 17 4050 l

14 4051 16 4086 t

14 4091 22 4234 l
132 4138 200 4225 lero}
220 4141 253 4226 ad
274 4148 340 4210 sept.
424 4137 450 4208 5)
472 4137 589 4226 Lubbcs.
671 4139 696 4202 6)
717 4137 810 4192 Conci.
892 4137 918 4208 7)
938 4136 1033 4199 Mane,
1054 4153 1066 4188 a
1087 4133 1233 4190 Guise'ad·

14 4243 16 4250 ν
130 4215 283 4266 meridiem.
322 4209 355 4266 G.
429 4210 457 4284 Β)
476 4211 599 4266 Vernus.
674 4212 701 4284 9)
721 4211 758 4266 La
779 4210 855 4265 Fere.

14 4479 17 4530 ,
129 4477 133 4488 ,

14 4533 18 4559 ,
